2602 4694
251 289 328 370 tot
463 244 465 250 ’
615 227 932 362 ¹‹inruun-
1040 247 1046 271 '

63 529 68 542 .
121 511 143 558 .·
237 471 337 548 ⁴bene
351 471 542 545 autem‘hoc
553 474 610 542 ille
623 487 752 564 potest,
771 481 833 562 qui
845 493 946 545 unam
962 474 1144 548 alteramve
1156 473 1289 562 noctenl

54 599 57 606 ·
253 563 344 658 apud
356 564 527 628 dominam
548 561 650 650 degit.
1255 571 1258 581 ’

221 653 225 660 ”
336 649 508 712 Finiamus
523 659 622 735 caput
636 643 703 712 hoc
716 648 862 712 duorum
873 645 1039 735 Propertii
1052 645 1205 712 locorum
1216 649 1272 712 dis·
1287 647 1289 728 3

253 736 456 828 quisitione,
486 735 544 816 qui
563 737 838 820 interpretibus,
850 737 1050 821 praesertim
1063 729 1272 812 Lachmanno,

253 819 397 886 multum
413 819 622 884 facesserunt
638 824 777 909 negotii,
833 846 843 878 κ
1267 815 1289 861 ,¹

156 917 158 922 '
339 903 478 968 Eminet
496 907 587 968 inter
607 903 777 992 Propertii
796 902 918 990 elegias
932 921 984 978 ¹ea
1006 923 1093 987 quae
1118 906 1216 968 tertia
1235 915 1274 970 est

190 989 195 1001 “
255 989 335 1055 libri
351 987 378 1066 l,
400 992 437 1051 in
460 1008 525 1070 qua
541 999 635 1052 tanta
654 992 835 1056 verborum
855 988 1018 1074 elegantia
1041 1009 1121 1052 cum
1142 987 1199 1068 tali
1211 1007 1274 1053 sen-

255 1093 356 1142 suum
369 1077 550 1140 teneritate
566 1083 599 1136 et
614 1078 765 1140 castitate
786 1061 964 1158 conjuncta
985 1083 1056 1149 est,
1092 1084 1131 1156 ut
1150 1073 1273 1173 Proper-

154 1160 159 1169 “
255 1164 343 1228 tium
365 1157 529 1223 celebrem
544 1157 635 1222 illam
654 1160 865 1225 Graecorum
885 1162 921 1222 in
941 1159 1041 1222 rebus
1064 1156 1274 1228 lascivioribus¹

256 1234 467 1310 venustatem
479 1257 512 1308 et
520 1247 660 1328 gratiam
676 1258 865 1309 assecutum
879 1237 964 1320 esse,
974 1247 1081 1312 inuno
1097 1215 1289 1328 etiamPaulil

210 1344 217 1350 ’
259 1327 444 1394 Silentiarii
463 1347 582 1394 versus
602 1329 719 1394 eodem
733 1329 773 1394 de
794 1339 994 1414 argumento
1015 1333 1217 1418 compositos
1229 1333 1289 1404 sti-j

154 1487 159 1494 ,
284 1432 406 1500 erasse,
420 1415 493 1497 jure
507 1413 607 1490 dicas.
649 1415 678 1477 E
692 1415 824 1496 Latinis
839 1424 931 1478 certe
945 1416 1063 1478 nescio
1078 1417 1148 1496 qui,
1170 1424 1204 1475 ut
1216 1407 1289 1480 euml

257 1437 323 1572 lac
346 1511 584 1586 comparentur
606 1503 771 1581 carmine,
803 1499 895 1584 digni
914 1500 1118 1582 sintversus
1141 1501 1202 1562 nisi
1218 1497 1273 1560 Lu-

259 1586 359 1649 cretii
374 1583 400 1660 l,
412 1606 442 1652 v.
459 1587 585 1668 86sqq.
623 1585 678 1660 Ex
693 1583 873 1653 Germanis
888 1577 1076 1666 Goethium
1094 1582 1183 1646 idem
1195 1601 1279 1670 argu--

259 1679 412 1734 mentum
429 1667 544 1732 eadem
559 1680 734 1749 venustate
748 1680 914 1733 tractasse
922 1672 981 1734 vix
996 1685 1085 1754 opus
1099 1681 1160 1742 est,
1172 1679 1205 1730 ut
1216 1687 1272 1730 rno-

259 1771 369 1816 neam.
425 1751 504 1835 Quo
524 1756 631 1838 major
653 1775 735 1820 vero
756 1766 808 1819 est
826 1757 863 1817 in
877 1754 944 1816 hoc
957 1763 1116 1840 poemate
1130 1751 1270 1830 honestas,

259 1857 303 1906 eo
318 1841 424 1924 magis
438 1836 643 1904 offendimus
654 1843 733 1906 inv.
751 1841 804 1904 16:
887 1863 890 1868 ·
990 1868 993 1878 ·

235 1965 240 1978 '
330 1953 460 2024 subjecto
470 1955 566 2012 leviter
577 1956 692 2028 positam
708 1965 810 2010 tentare
821 1957 921 2010 lacerto

302 2031 303 2038 ’
317 2081 319 2088 ,
331 2023 488 2096 Osculaque
499 2024 607 2079 admota
617 2045 723 2078 sumere
738 2039 765 2078 et
780 2043 863 2076 armo
878 2043 971 2080 manu.

261 2123 332 2209 Qui
350 2122 439 2190 hanc
458 2132 609 2206 omnium
628 2127 790 2192 librorum
811 2131 1012 2217 scripturam
1029 2127 1174 2194 honeste
1188 2135 1271 2195 inter·

248 2213 390 2360 proteri
405 2212 519 2276 studet
532 2211 767 2276 Lachmannus
781 2235 844 2278 nec
858 2215 1051 2278 Latinitatis
1067 2219 1184 2301 peritis
1194 2217 1271 2279 satis-

157 2322 167 2332 ·
277 2299 344 2359 acit
363 2315 473 2379 neque
497 2301 616 2376 etiam,
645 2299 950 2383 quomodocunque
970 2318 1008 2364 se
1028 2311 1180 2383 torquet,
1199 2301 1270 2364 alian

261 2395 362 2464 qnam
380 2380 516 2447 foedam
538 2387 706 2460 extriqare
725 2396 839 2472 potest
854 2388 1075 2462 sententiam,
1110 2371 1227 2468 qualem
1243 2387 1269 2448 ab

260 2462 328 2570 lqoc
355 2463 432 2530 loco
460 2464 600 2534 alienam
632 2485 705 2535 esse
732 2471 840 2558 probe
868 2473 976 2536 sensit
997 2465 1189 2556 Gronovius
1208 2491 1271 2536 con·

260 2569 394 2636 Jtc1ens:
716 2579 717 2584 ¹

327 2667 488 2744 Osculaque
499 2669 608 2726 admota
621 2685 729 2726 mutere
749 2673 787 2725 od
808 2691 861 2729 ora
875 2677 972 2731 'manu

261 2795 373 2880 Quam
390 2805 503 2860 tamen
523 2796 748 2878 conjecturam
770 2795 954 2864 aBroukh.
974 2803 1012 2866 in
1027 2811 1163 2868 textum
1174 2800 1270 2884 illatam

262 2888 333 2948 sivo
361 2892 400 2944 nt
428 2879 624 2948 Gronovius
653 2885 727 2968 ipse
756 2887 827 2948 sive
856 2897 895 2950 ut
918 2885 1032 2950 Bumr.
1059 2891 1269 2977 interpretaris,

262 2979 385 3032 neutro
404 2964 507 3030 modo
524 2985 542 3028 a
611 2977 681 3045 ret,
704 2987 765 3030 cur
785 2967 898 3034 oscula
920 2969 1058 3036 daturus
1075 2992 1189 3039 manus
1201 2972 1233 3036 ad
1243 2989 1268 3034 os

190 3087 198 3108 ι
263 3051 447 3118 admoveat,
490 3051 538 3128 „A
561 3115 563 3117 ,
584 3063 736 3119 ιονεητεε
750 3055 863 3120 oribus
878 3057 949 3118 suis
965 3049 1156 3150 dexteram’
1177 3058 1222 3144 Ap
1239 3077 1269 3118 u-

235 3133 320 3204 “leii
341 3135 442 3202 'verba
458 3146 537 3200 sunt
550 3135 634 3200 Met.
648 3136 707 3214 IV,
733 3160 765 3226 p.
781 3136 856 3219 800,
877 3141 935 3226 utri
956 3162 985 3208 v.
1004 3145 1154 3230 interpp.
1174 3141 1209 3206 de
1223 3077 1269 3204 loc

263 3222 345 3288 deor
360 3219 504 3304 deasque
517 3220 675 3287 adulandi
691 3243 797 3288 more.
841 3223 883 3290 cf.
900 3227 998 3289 etiam
1012 3225 1139 3294 D’Orv.
1151 3227 1189 3293 ad
1203 3223 1269 3292 Cht-

261 3309 320 3378 m't.
343 3304 478 3394 p.*539,
504 3306 565 3371 ubi
592 3317 710 3370 tamen·
731 3329 802 3370 non
824 3321 917 3374 recte
940 3309 1149 3379 intellexisse
1161 3311 1269 3388 ¹uidetur

90 3446 94 3452 .
264 3389 370 3480 Soplu
393 3387 480 3452 Oea.
501 3387 683 3458 Cot.1126.
738 3390 936 3480 Eleganter,
969 3406 1007 3458 ut
1033 3397 1136 3476 solet,
1166 3395 1203 3462 de
1223 3393 1269 3458 hoe

52 3537 55 3545 ,
184 3557 187 3563 k
263 3495 358 3553 more
374 3471 589 3552 Muretus'V,
604 3475 643 3541 L.
660 3474 765 3542 rtet
817 3477 1038 3562 Atquidhoc
1054 3481 1269 3570 adprotervun

264 3557 472 3626 amatorem?
507 3557 577 3642 Qui
592 3572 649 3625 aut
671 3566 842 3629 communi
857 3569 1009 3642 oninium
1022 3567 1205 3646 mortalium
1215 3583 1268 3630 ne

206 3665 210 3672 ·
266 3645 311 3712 dn
338 3642 577 3717 osculabantur
600 3657 657 3711 aut
678 3651 805 3722 cervice
819 3644 960 3728 reflexa,
984 3651 1027 3714 de
1044 3645 1116 3738 'quo
1129 3645 1269 3724 osculandi

78 3773 81 3790 ι
216 3814 219 3817 ,
265 3737 388 3818 genere
401 3753 432 3796 v.
446 3728 598 3815 Bergleri
612 3735 864 3807 annotationem
880 3733 1045 3800 aReitzio
1059 3750 1277 3802 conmemora-'

137 3878 143 3887 ,
217 3835 221 3840 ·
266 3828 336 3878 tam
352 3814 399 3881 ad
409 3815 551 3880 Lucian.
576 3814 614 3882 Τ.
628 3816 720 3894 Vlll,
738 3840 771 3906 p.
789 3816 862 3884 517.
909 3817 1074 3892 insistens
1090 3825 1188 3910 igitur
1200 3817 1268 3886 Gro-

174 3969 179 3976 ,
221 3975 222 3980 γ
266 3903 362 3966 nonii
375 3901 524 3983 vestigiis
537 3897 717 3986 legendum
737 3903 841 3968 duco:
862 3901 991 3986 aton,
1013 3929 1098 3995 quae
1112 3907 1268 3992 conjectura
1287 3973 1289 3978 ¹

91 4029 107 4098 s
255 3979 344 4101 xloce
361 3979 442 4052 huic
453 3981 618 4076 graphice
633 4005 714 4060 saue
726 4007 826 4078 qnam
840 3994 1007 4061 convenit.
1058 3993 1171 4080 Neque
1186 4001 1267 4056 unu
1286 3983 1289 4096 l
