2602 4694
25 331 27 340 ·
147 303 342 460 ιΜ’
495 409 525 454 Ι,
603 333 727 408 ote.
778 297 907 406 rit*

170 541 174 552 ·
210 524 248 583 in
265 516 393 582 Lucani
417 515 512 594 loco,
532 535 632 599 quem
647 512 784 581 Lachm.
798 513 941 606 protulit
956 517 1055 582 etsie
1074 507 1255 580 Claudiam

192 643 195 649 ·
211 599 348 691 epithal.
365 598 490 666 Pollad.
504 615 539 666 et
550 597 726 666 Celerinae
738 623 769 668 v.
778 602 818 666 41
839 613 874 668 et
887 603 922 666 in
938 597 1011 666 aliis
1025 598 1111 664 loeis
1129 595 1256 672 aGro-

210 691 333 768 novio,
377 701 554 770 numquam
568 683 667 750 aliam
689 685 734 750 ob
748 705 900 765 causam,
922 683 1078 750 adductis
1092 683 1132 747 in'
1144 681 1254 747 Diatr.

213 796 247 862 p.
262 775 313 838 87.
354 707 470 838 ludor
484 783 615 850 autem,
636 774 666 842 si
681 769 821 848 velatur,
840 781 952 836 tamen
967 779 1131 836 remanet.
1162 767 1258 832 liaeo

209 861 322 922 onmia
344 867 473 920 eutem
507 855 723 920 incommoda
752 861 901 926 vitantur
932 875 1009 943 egre
1032 859 1064 916 'a
1096 852 1257 918 Santenii

211 941 463 1020 emendatione,
492 959 592 1024 quarn
611 945 742 1028 optimo
753 942 826 1028 jure
838 944 996 1031 probavit
1037 937 1258 1004 uhnkenius:

199 1019 407 1092 ‘continuatus
418 1030 440 1089 i.
455 1047 483 1090 e.
498 1028 609 1090 effsinu
622 1030 765 1091 emissus
780 1038 841 1093 est.
882 1027 1028 1092 Videtur
1042 1033 1161 1088 autem
1175 1021 1261 1088 haec

209 1132 277 1180 vox
297 1109 441 1175 librariis
462 1113 543 1175 sutis
563 1112 678 1198 ignota
697 1109 819 1178 fuisse:
846 1131 924 1176 nam
943 1115 981 1175 in
1006 1115 1085 1198 ipso
1100 1106 1166 1173 illo
1183 1107 1261 1173 An-

212 1193 309 1266 tholo
332 1199 382 1280 iae
401 1196 441 1261 L.
461 1194 556 1272 loco,
594 1215 661 1280 quo
683 1193 820 1262 Santeu.
838 1215 933 1262 snam
954 1195 1098 1286 probare
1122 1193 1261 1260 studuit

213 1219 497 1356 emendationem,
518 1277 597 1344 libri
613 1278 766 1369 plerique
779 1269 1126 1367 extenuatur-legunt.
1175 1277 1260 1344 Ele-

211 1368 445 1454 gantissimum
473 1367 614 1431 verbum
639 1365 729 1430 idern
750 1365 838 1434 valet
859 1366 950 1450 quod
978 1364 1069 1452 apud
1099 1361 1259 1430 Graecos

212 1445 511 1536 ἄπαμφιέινρσθαι
537 1473 565 1516 v.
590 1448 742 1516 Huschk.
777 1450 927 1519 Analect.
949 1449 1071 1528 Wolfii
1085 1449 1113 1527 1,
1129 1471 1166 1538 p.
1187 1453 1257 1513 170.

209 1535 391 1600 Exsinuari
425 1534 562 1618 quidem
621 1546 709 1600 otest
736 1556 810 1602 esse
834 1559 868 1600 re
894 1539 931 1601 in
958 1538 1067 1601 sinum
1115 1533 1259 1614 andere,

196 1617 399 1684 .utLachm.
419 1618 517 1701 vult,·,
540 1624 576 1684 in
602 1642 620 1686 e
640 1631 753 1698 autem
772 1640 909 1687 necesse
929 1632 980 1686 est
1003 1629 1043 1684 ut
1064 1553 1176 1699 allera
1199 1635 1258 1682 se-

137 1703 154 1754 ¹,
211 1717 334 1792 quatur
375 1703 590 1790 significatio:
638 1707 754 1770 e'sinu
784 1707 904 1787 emitti,
942 1726 1027 1792 quae
1054 1707 1194 1768 obtinet
1223 1707 1266 1772 in.

122 1805 153 1880 Ἰ
212 1793 314 1878 epigr.
331 1787 372 1854 de
397 1789 499 1854 liosis
520 1787 623 1854 Anth.
644 1789 684 1854 L.
700 1789 847 1869 utute.
888 1787 947 1856 Ille
969 1800 1082 1854 autem
1096 1788 1257 1852 Santenii

210 1875 305 1940 locus
327 1877 431 1962 magis
451 1873 533 1938 facit
552 1873 594 1938 ad
610 1873 825 1964 Propertium
842 1896 941 1961 quam
953 1877 1127 1944 Statianus
1143 1879 1259 1941 versi-

176 2006 181 2018 ·
211 1958 305 2026 culus
326 1957 498 2024 aLarhm.
520 1958 657 2036 allatus,
686 1964 744 2042 qui
762 1961 848 2044 ¹quid
862 1963 927 2025 sibi
944 1958 1043 2038 velit,
1067 1981 1133 2046 ego
1148 1963 1259 2026 vicis·

92 2090 93 2093 =
162 2077 165 2084 ¹
210 2049 273 2113 sim
289 2045 481 2112 nonvideo.
509 2082 546 2094 -
589 2045 743 2109 imbuere
757 2042 791 2108 h.
805 2043 827 2108 l.
843 2045 971 2110 dictum
986 2054 1024 2108 ut
1041 2035 1174 2108 insilit
1193 2049 1259 2111 via

210 2128 386 2198 Gronovio
406 2133 442 2191 in
463 2130 568 2194 Diatr.
595 2149 627 2214 p.
642 2129 705 2192 448
733 2133 890 2194 excitato.
918 2183 920 2187 ,
946 2128 1158 2212 Potestatem
1186 2131 1258 2214 ejus

179 2271 184 2279 “
210 2209 767 2386 liiiiiltitg‘ffitiittll{2
781 2219 833 2363 {ll
854 2212 1258 2386 lilitltiffl

208 2404 263 2534 por
277 2381 400 2457 dehoc
416 2385 482 2483 agit
496 2383 614 2483 serbo}
628 2401 735 2470 pauca
748 2383 808 2448 sed
819 2382 911 2448 lectu
924 2383 1257 2490 dignissimalluhn-

236 2490 288 2533 eu.
314 2478 447 2540 monuit
471 2465 514 2530 ad
530 2465 723 2532 Calhmach.
743 2466 785 2532 fr.
804 2465 921 2533 cxlx.
970 2472 1022 2534 De
1042 2467 1192 2536 Graecus
1214 2471 1256 2536 ei.

209 2551 380 2620 Schaefer.
395 2547 439 2616 ad
448 2551 603 2638 Longum
618 2574 652 2640 p.
667 2553 773 2616 360..
830 2574 846 2596 f
904 2567 908 2574 '
1067 2561 1069 2567 ’

232 2709 233 2713 ’
260 2724 264 2730 -
292 2675 409 2777 Inepte
432 2687 544 2776 pudor
558 2685 675 2754 Amori
690 2687 852 2753 tribuitur
859 2674 906 2766 ll,
924 2655 1095 2779 it(9)1s:

288 2829 290 2840 ’
312 2821 389 2890 outa
405 2822 454 2876 un
473 2822 623 2891 jucundum
645 2822 724 2877 ‚recu
739 2821 855 2876 nautor.
874 2798 1019 2880 nituntur?

311 2889 341 2945 si
358 2891 448 2964 pudor
466 2902 518 2957 est,
550 2892 603 2945 alio
624 2891 718 2958 trajice
736 2889 862 2958 tela-„tuat
934 2963 943 2974 .

122 3087 129 3112 .
207 3031 299 3116 quod
311 3032 376 3113 jam
390 3028 447 3094 alii
462 3026 677 3096 intellexere:
701 3032 932 3116 namsipuer,
954 3031 1035 3098 ltine
1047 3033 1102 3101 vel
1114 3035 1147 3117 1,
1167 3059 1256 3124 puer

115 3191 125 3206 ι
165 3137 175 3162 ¹
206 3117 286 3195 ltinp
307 3112 498 3202 complures
519 3111 643 3179 habeut
664 3113 843 3180 Passeratii
862 3113 951 3181 libri.
999 3119 1048 3201 Ni
1065 3119 1180 3206 pudor
1209 3136 1255 3186 est

206 3199 395 3264 alucinatur
419 3199 534 3262 Burm.
553 3197 645 3281 quod
671 3217 774 3264 sensu
799 3213 898 3266 earet.
940 3201 1055 3266 lludor
1081 3215 1116 3269 et
1143 3205 1255 3272 Amor

206 3295 405 3352 constanter
422 3284 486 3346 sibi
509 3295 732 3370 opponuntur
755 3284 847 3368 quod
866 3295 1001 3374 praeter
1014 3287 1116 3354 Ovid.
1132 3290 1214 3356 Am.
1229 3293 1254 3371 l,

205 3373 303 3448 232.
345 3367 403 3444 111,
419 3371 469 3443 10,
482 3371 523 3432 28
538 3365 662 3432 docent
676 3367 841 3434 Marullus
858 3391 877 3435 a
889 3361 1115 3439 Broulthusio
1128 3373 1253 3442 allatus

205 3467 239 3519 et
252 3453 343 3532 inde,
367 3453 426 3520 sed
439 3451 569 3520 diversa
588 3457 768 3541 scriptura,
788 3475 840 3542 ap.
857 3454 1098 3524 Bahrdticlav.
1120 3481 1157 3548 p.
1172 3467 1255 3530 354:

274 3654 355 3709 Nulla
377 3653 427 3708 deo
448 3654 525 3708 irone
547 3657 604 3709 est?
644 3675 741 3728 nempe
764 3661 872 3726 pudore
890 3672 975 3715 vacat.
1022 3594 1116 3664 Qum

205 3788 240 3840 et
253 3774 412 3840 lreneeus
425 3793 477 3859 ap.
493 3771 644 3838 Brunck.
658 3774 752 3840 Anat
777 3777 816 3843 T.
834 3776 893 3842 111.
916 3801 948 3868 p.
966 3785 1022 3846 10:

274 3903 358 3972 aled-
377 3906 463 3981 νόσφι
481 3901 557 3967 ntiae
577 3915 624 3981 τῆς
642 3907 795 3987 Κύπριδος.

206 4015 301 4098 Quid
315 4017 460 4102 denique
469 3998 659 4104 jucundum
674 4036 708 4088 et
719 4021 830 4110 pudor
842 4017 1020 4092 ‘commune
1034 4025 1190 4126 habent?

1297 1600 1301 1625 i
