2602 4694
67 289 436 434 Veto„
640 275 878 400 oter
979 266 984 302 ³
1064 269 1071 280 ¹

201 506 205 511 ’
225 520 282 605 qui
295 536 325 582 v.
339 523 469 604 specta
482 510 650 592 edilium,
670 513 731 598 qui
744 529 827 576 mox
840 510 1011 602 sequitu}
1045 573 1049 578 .

232 670 235 678 κ
293 635 358 692 Non
370 646 411 692 est
423 645 497 692 certe
509 653 587 692 meos
601 653 670 710 qnae
683 633 772 690 forme
785 631 872 688 irritet
880 649 996 686 amores.

231 739 239 754 =
297 707 415 762 Centum
428 716 493 762 sunt
505 725 628 768 austae.
646 723 696 761 cur
707 723 758 777 ego
769 721 877 776 semper
889 719 990 758 eurem.

230 824 410 920 Cynthium
437 831 561 897 amavit
587 825 788 915 Propertius
817 833 1023 890 constanter.
1086 821 1262 914 Egregium

186 967 189 974 .
230 933 312 980 vero
324 913 514 980 remedium
535 911 579 978 ad
599 915 703 982 animi
725 910 992 978 emendationem
1010 913 1219 998 proponitur
1230 916 1262 974 in

231 997 346 1064 studio
358 995 494 1086 philoso
518 999 612 1078 hiae,
640 1017 725 1086 quae
739 997 780 1062 ab
795 997 966 1084 Epicuro,
993 1009 1033 1080 ut
1046 993 1104 1060 hic
1117 1010 1262 1078 vocatur,
1281 1012 1283 1015 ’

232 1081 327 1149 docto
352 1103 477 1150 nomen
494 1023 617 1163 lrabet.
672 1081 769 1166 Quae
798 1095 912 1146 autem
942 1081 1096 1146 omnium
1120 1102 1264 1167 unquam

135 1223 138 1230 .
233 1166 460 1255 disciplinatu
475 1167 597 1234 delicta
611 1170 774 1233 amatoria
784 1163 917 1231 facilior
932 1163 1024 1231 fuit?
1051 1163 1140 1248 Quis
1155 1168 1265 1231 Vene-

61 1285 66 1302 ·
136 1257 146 1272 '
173 1264 177 1272 '
232 1273 306 1319 rem
319 1257 472 1318 ornatius
486 1253 666 1320 celebravit
701 1271 779 1316 uam
791 1251 932 1339 Epicuri
947 1250 1072 1316 assecla
1080 1251 1265 1330 Lucretius,

122 1390 129 1404 .
232 1347 273 1402 ut
283 1339 383 1402 finem
394 1337 471 1402 libri
483 1339 540 1403 lv.
555 1352 703 1404 taceam.
729 1337 782 1402 An
795 1333 976 1401 Petronius
994 1339 1100 1424 igitur
1114 1338 1266 1422 injuriam

182 1474 186 1482 .
232 1420 382 1509 Epicuro
395 1421 494 1504 fecit,
518 1427 548 1492 si
563 1446 591 1492 c.
605 1427 678 1492 182.
690 1422 733 1494 de
745 1419 1065 1510 Venere-vulgivaga
1076 1419 1231 1488 locutus:

300 1545 314 1600 l
334 1539 451 1629 sepa'te'r
460 1547 519 1606 veri
531 1545 627 1603 doctus
638 1543 774 1620 Epitresus
786 1541 816 1598 in
829 1551 887 1600 arte

321 1625 396 1670 ursui.
780 1622 784 1628 '

144 1711 152 1762 ‘¹
235 1757 303 1821 quo
316 1748 430 1802 tamen
443 1729 563 1812 versu,
582 1740 622 1800 ut
635 1734 739 1802 modo
753 1754 823 1800 non
837 1735 911 1799 sine
924 1751 1057 1800 summa
1076 1719 1267 1802 admiratio·

233 1843 278 1888 ne
291 1819 401 1900 video,
425 1819 636 1886 Schraderus
645 1819 746 1887 Obss.
759 1819 803 1884 ad
816 1817 996 1886 Musaeum
1009 1842 1042 1908 p.
1055 1822 1130 1889 241.
1145 1823 1268 1889 dormi-

234 1919 323 1984 tans,
343 1917 380 2010 ut
395 1919 547 1994 apparet,
569 1907 740 1994 Propertii
752 1903 865 1972 locum
878 1909 969 1970 tueri
982 1905 1106 1972 studet.

319 2023 395 2090 Hoc
406 2025 543 2110 quidem
557 2029 697 2090 nomine
708 2023 897 2111 Epicurum
915 2023 1048 2091 domum
1068 2025 1177 2096 fuisse
1193 2053 1269 2096 con-

237 2108 332 2189 cedo,
347 2109 407 2177 sed
418 2114 448 2174 si
464 2115 565 2174 etiam
580 2111 650 2192 ejus
661 2112 850 2197 ignorantia
862 2130 934 2174 non
944 2109 1022 2176 talis
1036 2109 1113 2190 fuit,
1126 2126 1202 2179 uta
1217 2114 1269 2182 Ci-

237 2199 523 2289 oeroneperstm‘n
549 2199 634 2272 tur,
654 2205 769 2259 tamen
782 2195 871 2259 docti
885 2193 1061 2284 epitheton
1076 2205 1269 2285 neutiquam

236 2283 270 2346 ei
293 2283 461 2345 convenit.
549 2277 758 2356 roulthusius
778 2281 902 2366 igitur,
934 2283 995 2364 qui
1020 2287 1175 2349 omnium
1196 2287 1268 2360 diti,-

202 2375 206 2384 ’
235 2367 431 2454 gentissime
452 2367 488 2426 in
513 2361 566 2429 his
586 2367 741 2430 versibus
759 2377 911 2432 versatus
933 2379 1003 2446 est,
1017 2411 1022 2416 κ-
1037 2367 1117 2433 dum
1136 2371 1269 2456 Epicure
1299 2410 1301 2433 κ,

234 2452 390 2536 reposuit
402 2459 436 2514 et
451 2452 528 2532 quia
541 2448 729 2536 Epicurus,
762 2462 803 2514 ut
823 2451 890 2536 jam
910 2448 1058 2530 dictum,
1093 2456 1133 2520 ab
1159 2457 1269 2522 erudi·
1299 2490 1301 2499 <

234 2537 330 2601 tione
352 2554 423 2602 non
443 2532 614 2612 laudatur,
650 2547 684 2600 et
705 2535 783 2616 quia
806 2554 890 2599 mox
908 2540 1064 2620 sequitur
1080 2537 1178 2605 docte
1199 2543 1270 2608 Μι-

234 2617 379 2686 eandm.
435 2617 483 2684 At
503 2623 605 2686 etiam
627 2617 818 2684 Menander
842 2623 957 2710 inepte
985 2621 1100 2688 doctus
1125 2640 1269 2706 vocetur,
1300 2620 1301 2633 ¹

180 2763 185 2770 .
237 2721 338 2790 quem
371 2702 564 2780 'reundum
596 2703 741 2784 cultum,
776 2703 936 2768 mundum
967 2705 1036 2772 dici
1060 2707 1190 2776 decuit.
1229 2711 1266 2787 ef.
1300 2706 1301 2711 ¹

236 2787 340 2855 ovid.
357 2725 462 2852 l'rist.
485 2787 535 2870 II,
563 2791 636 2854 369.
671 2797 706 2852 et
719 2785 874 2877 Propert
894 2787 955 2867 lV,
973 2792 1005 2870 ⁵,
1024 2794 1076 2860 ts.
1133 2795 1268 2885 Optime

115 2920 120 2928 .
231 2871 534 2957 contrariarum
549 2871 599 2952 V,
619 2873 698 2939 475:

210 3051 213 3061 ,
283 3053 287 3061 ,
304 2998 430 3052 Doctior
441 2995 509 3054 orbe
521 3015 572 3052 suo
585 2995 754 3068 linguaesub
765 2994 837 3052 flore
848 2994 1021 3054 Menander.

156 3168 161 3177 ,
237 3123 303 3188 te
317 3115 396 3204 puri
407 3115 563 3180 emmonis
576 3124 709 3179 amator
722 3122 761 3178 ut
777 3125 916 3180 vocatur
923 3115 1061 3184 Anthol.
1070 3119 1111 3187 L.
1125 3121 1196 3204 tlt,
1205 3130 1268 3192 221.

236 3200 370 3270 Deinde
389 3209 427 3264 ut
450 3197 601 3288 Epicuri
615 3195 833 3298 philosophia
852 3198 939 3265 nihil
958 3205 1101 3287 prodest
1127 3214 1288 3279 animum·

134 3301 138 3308 ’
170 3331 172 3338 ψ
238 3285 477 3360 emendaturo,
511 3287 560 3346 sic
584 3284 694 3347 eidem
719 3287 858 3348 minime
881 3283 1063 3355 Menandri
1083 3297 1269 3362 comoediae

238 3371 399 3460 legendae
414 3370 708 3454 sunt,⁴in¹quibus
720 3378 823 3456 poeta
835 3369 1010 3458 producit:
1274 3365 1278 3371 ’

212 3494 216 3498 ’
235 3517 239 3525 *
307 3491 435 3548 Ardentis
447 3489 558 3559 juvenes
570 3497 712 3612 raptasque
724 3475 754 3542 lu
767 3507 859 3542 amore
873 3470 974 3562 puellns'

306 3561 458 3635 Elusosque
472 3575 546 3613 senes
562 3576 604 3630 agr
615 3575 696 3626 esque
709 3575 759 3630 per
768 3559 861 3612 omnia
874 3578 978 3617 servos.
996 3587 1004 3592 -

22 3745 27 3752 .
134 3701 136 3706 ·
240 3687 284 3754 cf.
306 3687 407 3750 etiam
429 3674 668 3753 oudinet
687 3674 738 3753 15,
761 3680 808 3742 16.
829 3677 985 3767 laetoque
1007 3691 1151 3767 materia
1171 3695 1269 3760 eidem

240 3773 280 3838 ab
297 3769 449 3837 Ausonio
465 3761 618 3828 Centone
632 3760 779 3848 nuptiali
794 3765 965 3832 tribuitur.
1016 3773 1119 3836 Lacte
1142 3777 1270 3863 Epicure

204 3913 208 3924 ,
239 3856 378 3939 conjicit
393 3847 618 3917 Slothouuver.
642 3849 678 3909 in
700 3845 795 3910 Actis
819 3847 894 3912 Soc.
910 3849 1053 3920 Ultrotr.
1072 3857 1140 3938 Ill,
1168 3857 1198 3950 p:
1217 3867 1270 3928 136

121 3943 124 3950 '
241 3958 291 4022 sq.
323 3936 415 4022 quod
444 3932 760 4019 ahoquiprobum,
796 3927 875 4014 huic
902 3933 980 4002 loco
1014 3961 1085 4005 non
1114 3935 1267 4013 convenit.

164 4039 170 4048 ·
240 4022 394 4110 Persequi
425 4017 571 4092 studium
597 4027 711 4082 eutem
742 4013 868 4086 locutio
899 4033 951 4086 est
981 4023 1082 4114 plane
1111 4038 1268 4122 prosario
