2602 4694
269 377 348 451 238
441 451 447 460 ,
619 379 623 386 ’
672 375 798 450 ΟΛΡ.
859 378 907 447 11-.

270 567 526 654 comprobetur,
554 570 636 631 satis
652 569 741 631 enim
758 579 808 632 est
824 575 942 630 notum
951 589 960 647 ;
989 563 1050 630 sed
1063 537 1298 654 ut‘complurul

221 706 242 715 -
268 670 385 720 versus
398 649 624 717 obeditorum
640 651 861 718 defendamus
875 653 1092 736 conjecturis.

165 793 168 800 ,
268 738 317 814 ΙΙ,
337 735 477 814 24,,36;
497 737 551 824 (el.
572 741 610 802 19
627 737 678 802 ed.
692 736 822 822 Burm.)

334 859 357 911 tt
373 858 421 912 tibi
432 875 484 912 nos
498 859 613 919 erimus.
630 857 677 912 sed
692 870 722 912 tu
735 860 840 932 potitam
863 876 980 933 precor,
997 868 1028 914 ut
1039 862 1093 928 meg

334 927 467 981 Demissis
477 927 587 1002 plangas
600 939 712 999 pectora
724 929 797 982 nuda
811 928 907 984 comis.
992 938 994 946 ’

267 1031 326 1098 Sic
339 1032 556 1117 scripsimuS,
592 1051 670 1096 cum
689 1028 841 1118 volgole
883 1043 940 1096 tur
956 1045 1088 1116 pectore
1108 1051 1126 1098 e
1148 1029 1289 1117 Scalige'

206 1137 210 1148 ·
266 1118 496 1196 correctione,
518 1131 626 1200 ¹quam
639 1128 752 1182 tamen
767 1115 837 1182 Lac
863 1135 1005 1182 mannus
1024 1137 1096 1182 non
1110 1117 1187 1182 sine
1199 1119 1258 1180 rati

263 1223 309 1268 ne
329 1204 548 1289 impugnavit.
604 1197 716 1266 Miror
739 1214 854 1267 autem
877 1221 938 1266 cur
956 1199 1050 1268 idem
1071 1197 1245 1269 Graeciam

263 1287 400 1374 pectora
434 1298 537 1372 neget
562 1287 605 1348 in
636 1284 701 1350 hac
729 1284 866 1370 quidem
905 1288 1157 1373 compositione
1194 1285 1241 1352 ier

264 1371 366 1450 dum,
380 1371 490 1456 cujus
511 1371 669 1455 equidem
691 1374 879 1454 sententiae
900 1390 1036 1438 causam
1057 1382 1259 1460 exputaren

266 1475 375 1541 queo,
397 1475 597 1540 quamquam
618 1458 648 1520 si
667 1456 911 1542 pretereunda
935 1455 1092 1523 codicum
1106 1451 1263 1522 auctorita

138 1530 166 1568 ’·
258 1537 537 1624 confirmaretur,
559 1543 747 1606 orationem
761 1544 868 1627 magis
882 1544 1097 1629 perspicuam
1112 1560 1189 1612 esse
1204 1561 1226 1606 n

246 1632 301 1692 ‘re
314 1618 452 1692 nollem.
485 1621 726 1704 Lachmannus
739 1627 846 1714 igitur
858 1630 908 1694 sic
922 1630 1079 1714 scripsit:
1187 1665 1193 1672 -

330 1815 463 1872 Demissis
478 1814 588 1887 plangas
606 1827 726 1884 pectora
744 1813 818 1870 nuda
836 1764 988 1871 colrllfoe’
1007 1765 1042 1802 m
1060 1765 1108 1804 me

262 1932 468 2021 Coniectura
481 1947 558 2022 apta
573 1934 722 2018 quidem,
743 1933 804 1999 sed
813 1943 887 1998 ‘non
904 1921 1111 2015 necessaria,
1127 1903 1228 2020 cumi

143 2094 145 2098 .
260 2025 352 2089 desit
365 2041 463 2088 eausa
477 2019 680 2083 aeodicibus
693 2009 884 2084 recedendi.
914 2018 1041 2087 Graeci
1057 2033 1212 2086 ceterum
1225 2037 1253 2084 sa
1265 2021 1271 2034 '

259 2110 457 2194 frequenter
471 2108 521 2172 sic
533 2101 639 2168 locuti
657 2115 746 2168 sunt.
789 2125 819 2169 v.
832 2125 861 2169 e.
877 2102 1084 2194 Soph.0ed‘
1093 2103 1169 2173 Col
1183 2129 1213 2172 v.
1228 2103 1274 2170 114

372 2295 379 2314 ,
477 2220 494 2290 J
589 2300 591 2308 y
630 2221 927 2304 oslpa'yliddoslnddo

268 2307 270 2309 ’
327 2307 440 2374 asportor

258 2425 370 2510 Atque
383 2398 541 2490 similiter
553 2441 573 2484 e
585 2420 717 2484 Latinis
736 2415 822 2484 Cato
836 2437 889 2505 ap.
906 2417 998 2486 Suet.
1013 2421 1055 2485 V.
1074 2421 1214 2490 Terent.
1227 2387 1249 2490 e.
1278 2412 1285 2431 ¹

206 2580 212 2596 ¹
258 2511 375 2594 ltaque
395 2529 414 2574 e
435 2517 622 2593 conspectu
641 2507 793 2570 omnium
820 2506 903 2570 abiit
923 2505 1103 2590 Graeciam
1122 2511 1195 2576 int

256 2596 420 2692 ultimam.
465 2590 650 2679 Virgiliust
779 2609 784 2622 ’
1080 2619 1084 2626 ’

325 2714 410 2767 Arma
417 2699 569 2778 ‘virumque
584 2725 653 2761 cano
666 2705 768 2776 Troiae
781 2707 828 2777 qui
838 2706 942 2779 primus
958 2707 1067 2781 ahgoris

324 2779 449 2905 {tptiam
461 2779 517 2854 fato
530 2775 661 2848 profugus
675 2778 806 2832 Lavinia
816 2776 894 2838 venit

347 2871 356 2904 r
368 2869 425 2906 ora.

253 2969 455 3058 Propertius
468 2967 502 3046 1,
524 2969 641 3056 19‚,1:

323 3089 395 3141 Illic
407 3085 566 3154 Phylacides
578 3083 712 3154 jucundae
724 3080 847 3156 conjugis
859 3081 938 3140 heros
1036 3071 1038 3080 ¹

202 3183 205 3189 ·
322 3157 387 3211 Non
399 3153 488 3229 potuit
501 3155 596 3206 caecis
609 3154 756 3206 immemor
769 3173 826 3206 esse
839 3155 923 3212 locis.

253 3281 466 3364 Graecorum
485 3274 649 3362 exemplis
669 3273 822 3341 defendit
843 3274 1041 3346 Huschkiu's
1060 3281 1104 3346 ad
1123 3282 1279 3350 Tibullum·

250 3390 286 3456 p.
300 3369 375 3433 261.
431 3362 630 3450 Comparari
650 3372 766 3450 potest
782 3361 1067 3437 Latina-locutio:
1096 3369 1146 3433 od
1165 3394 1214 3436 me
1226 3368 1277 3434 ab·

251 3452 372 3518 ducere
385 3445 527 3524 domum,
550 3447 646 3534 cujus
661 3467 757 3514 exem
783 3445 816 3508 la
831 3445 1056 3516 Ruhnkenius
1071 3451 1166 3517 dedit
1181 3461 1215 3520 in
1225 3453 1276 3518 Di·

253 3538 351 3602 ctatis
376 3539 412 3598 in
434 3532 570 3596 Terent.
590 3553 623 3618 p.
645 3533 696 3594 98.
753 3469 912 3598 domasse
936 3539 1037 3599 etiam
1058 3541 1095 3599 in
1118 3536 1275 3605 Ciceronis

249 3619 340 3702 Phili
365 3642 398 3718 p.
413 3610 505 3682 XIV.
520 3620 545 3699 §.
561 3618 580 3679 8
594 3617 720 3682 verbis:
754 3615 944 3701 „Quaeque
959 3635 1047 3689 esset
1059 3621 1210 3688 facturus
1223 3626 1274 3685 nisi

230 3725 233 3731 ”
251 3729 329 3770 eum
341 3643 420 3770 lma
435 3707 509 3788 ipse
522 3702 682 3789 Juppiter
700 3699 751 3763 at
765 3701 827 3765 hoc
848 3705 965 3788 templo
986 3719 1086 3790 atque
1102 3707 1154 3774 liis
1167 3711 1274 3774 moeni

251 3787 310 3863 bras
321 3812 358 3854 re
384 3786 554 3852 ulisset.'''
572 3807 641 3850 non
660 3805 746 3873 opus
769 3799 821 3851 est
839 3801 878 3850 ut
894 3809 970 3852 cum
989 3789 1016 3853 F
1018 3797 1147 3860 errario
1169 3802 1203 3860 et
1220 3791 1272 3858 Er·
1283 3789 1292 3862 'l

249 3888 347 3939 nesto
358 3812 413 3938 lic
426 3894 460 3958 p.
474 3872 553 3936 tine
569 3876 774 3961 corrigatur„
1291 3875 1292 3898 i

287 3973 488 4062 Propertius
501 3973 528 4050 1,
543 3975 577 4067 ²².
590 3979 627 4040 13
643 3977 692 4038 sic
708 3976 921 4060 scripsimus:
978 4013 980 4018 ·
999 4021 1000 4026 1

294 4171 296 4179 y
315 4094 409 4182 Litora
422 4093 530 4156 nativos
545 4093 604 4152 col·
621 4094 693 4165 (per)
704 4092 798 4150 lucent
813 4092 885 4165 picta
899 4093 1005 4166 lapillos
