2602 4694
148 351 150 362 '
256 361 331 434 ere
648 352 796 466 cnr„
824 309 921 476 ivs

254 551 308 608 est
337 561 370 606 v·
384 557 411 600 c.
436 555 455 601 a
481 582 487 598 .
513 530 605 598 Suet.
628 527 731 618 Calig.
757 555 784 596 c.
804 535 842 598 18
863 542 898 596 et
916 526 1083 604 infreni,
1101 530 1152 604 19,
1170 529 1230 593 14„-
1258 549 1288 592 t.-

217 641 219 648 “
255 625 403 690 Mercer.
425 556 477 684 ad
486 619 653 684 Aristaeo.
678 619 735 684 le
762 623 830 682 .3..
857 615 990 678 Graecos
1007 613 1188 707 ciadceqru
1199 609 1282 709 plaut

254 715 302 776 ita
314 708 508 788 dictasunt,
522 717 560 768 ut
574 701 664 790 apud
671 700 722 775 Tu
754 706 822 766 'u'm
836 699 1029 784 aliquoties:
1049 697 1174 784 Balce,
1192 709 1282 761 actm

178 860 210 874 ,,
254 793 414 870 etll,10,
431 792 485 855 14:
516 789 658 856 Grueeec.
707 785 934 861 Parthorum,¹
956 783 1000 848 de
1022 783 1147 866 quibus
1169 778 1226 844 hic
1241 777 1282 844 lo-

254 881 370 964 quitur
385 885 510 962 poeta,¹
526 893 652 938 nomen
666 854 804 938 Lacum.
817 873 854 934 in
867 877 1001 936 textum
1018 866 1137 934 intulit
1153 866 1198 942 ll,
1210 870 1240 942 7,
1253 869 1281 928 li

254 965 297 1050 (o,
315 967 354 1028 te
370 961 438 1043 oq:

124 1074 130 1088 '
218 1102 228 1116 κ
325 1075 405 1130 Unde
426 1073 491 1130 mihi
509 1075 618 1144 patriis
639 1084 715 1126 natos
732 1073 860 1144 praebere
879 1067 1040 1141 triumphis?

32 2056 46 2070 ,
135 2029 144 2064 s
250 2023 481 2110 dida,imperii
503 2021 698 2086 conditione
718 2031 820 2104 poeta
841 2038 912 2106 pop

323 1145 419 1199 Nullus
434 1144 467 1196 de
479 1153 573 1196 nostro
586 1141 715 1214 sanguine
730 1142 806 1195 milet
816 1142 876 1195 erit.

249 1287 331 1330 cum
346 1259 485 1327 Ruhnk.
500 1261 666 1328 scribens:

322 1394 405 1450 Unde
421 1393 486 1447 mihi
500 1391 607 1445 Parthis
618 1402 695 1446 natos
705 1391 832 1463 praebere
855 1389 1015 1461 triumphis?

252 1536 361 1598 neque
376 1525 500 1586 tamen,
513 1523 552 1574 ut
566 1508 633 1588 hic,
648 1507 793 1658 Aqusti
805 1506 1010 1596 triumphos
1027 1508 1087 1574 sed
1100 1506 1281 1598 triumphos

252 1621 270 1662 a
305 1597 439 1678 Parthis
468 1595 615 1682 agendos
636 1599 707 1658 inte
735 1597 745 1655 i
770 1614 847 1677 ens;
883 1614 968 1677 quae
995 1597 1235 1680 interpretatio
1255 1591 1289 1658 et'

251 1688 392 1750 omnino
413 1703 433 1746 a
451 1681 681 1746 Romanorum
703 1615 820 1744 indole
844 1690 879 1744 et
899 1681 1080 1767 praecipue
1100 1681 1142 1742 ab
1156 1681 1280 1764 ingenio

251 1780 427 1856 poetarum
441 1767 595 1850 Augusto
610 1761 799 1847 aequalium
816 1762 995 1838 abhorret,
1024 1767 1083 1847 qui
1097 1759 1233 1842 cuncti,
1251 1773 1287 1828 ut'

251 1853 364 1920 etiamt
371 1857 446 1941 ipse
461 1850 657 1937 Propertius
680 1846 777 1926 loco,
799 1848 841 1914 de
855 1869 922 1931 quo
936 1851 1065 1934 egimus
1079 1849 1199 1928 modo,
1210 1848 1280 1915 Par·

249 1937 388 2004 thorum
414 1936 638 2002 devictionem
657 1938 872 2023 promittuut,
916 1931 1002 2082 (puis
1024 1939 1060 2002 in
1081 1944 1154 1998 tam
1178 1934 1279 2023 splen-

911 2039 934 2080 u
950 2022 1056 2082 atium
1072 2023 1206 2084 animos
1220 2017 1282 2084 cla-¹·

249 2109 344 2172 dium
362 2117 456 2171 metu
476 2103 725 2191 depressisset?
768 2101 841 2164 Hoc
860 2107 996 2168 numine
1010 2107 1118 2190 igitur
1131 2115 1281 2192 praestet,

80 2245 85 2268 ,
146 2193 150 2198 ’
250 2195 381 2274 quami
407 2210 442 2256 se
462 2191 673 2274 conjecturae
695 2204 774 2250 suae
788 2182 927 2252 liuhnk.
944 2187 1055 2265 dedit,
1082 2181 1282 2278 interprete-⁸

106 2281 148 2316 ‘-
247 2281 308 2340 tio.
394 2273 466 2338 ulto
483 2285 598 2337 tamen
613 2275 719 2356 magis
732 2267 906 2356 magnifice
926 2276 1031 2337 sentit
1045 2279 1147 2364 poeta
1161 2279 1199 2338 in
1213 2294 1277 2342 ter-

247 2363 299 2426 bis
327 2357 479 2508 vulqatis.
531 2357 619 2422 Sunt
644 2360 736 2420 euim
757 2357 924 2444 triumphi
944 2363 1048 2445 patrii
1066 2363 1091 2423 ii
1112 2359 1277 2449 triumphi,

248 2465 332 2529 quos
356 2453 449 2510 veut
470 2439 693 2508 hereditarios
711 2441 855 2508 Romani
876 2442 1070 2527 possident;
1099 2443 1282 2534 quosper-'

248 2541 370 2618 petuos
392 2529 530 2594 ducunt.
586 2527 730 2592 Romani
750 2538 830 2592 sunt
850 2530 985 2608 invicti;
1023 2539 1139 2616 patres
1167 2537 1278 2594 trium«

223 2639 226 2650 ¹
271 2611 335 2680 hos
376 2624 547 2696 tamquam
587 2607 813 2676 hereditatem
850 2614 1031 2698 nepotibus
1066 2610 1275 2700 reliquerunt.

247 2639 376 2764 lirinna
393 2697 430 2762 in
444 2695 551 2760 nobili
567 2695 647 2774 oda,
669 2715 753 2780 quae
765 2707 879 2760 utrum
894 2696 936 2760 de
951 2696 1058 2766 Roma
1070 2702 1156 2764 urbe
1167 2723 1229 2765 nec
1241 2717 1277 2764 ue

224 2782 459 2871 accipienda,
492 2799 614 2870 parum
633 2779 796 2848 hocloco
812 2779 938 2858 refert,
971 2799 1174 2870 quemquam
1192 2790 1275 2874 prius

248 2868 381 2932 malim:

151 2989 154 2997 '
313 2980 412 3038 Πάντα
429 2969 460 3038 di
478 2979 613 3072 σφάλλων
630 2981 645 3037 ὃ
663 2987 792 3070 μέγιστος
814 2981 898 3050 αἰών,

315 3058 361 3108 καὶ
378 3057 585 3123 μεταπλασσων
601 3054 667 3123 βίον
683 3051 773 3107 oiior‘
794 3049 883 3112 ἄλλως

315 3126 361 3208 opi
377 3119 452 3192 μόνᾳ
468 3127 634 3205 Ιπλησίστιον
655 3116 740 3195 οὖρον
757 3121 844 3194 ἀρχᾶς
868 3160 870 3164 .
964 3165 969 3176 ,
989 3117 994 3128 ’

273 3227 276 3234 -
317 3210 350 3244 ου
367 3195 546 3263 pretationem

142 3301 143 3313 ¹
248 3303 476 3385 Nihilominus
502 3319 603 3399 poeta
629 3297 760 3374 nulium
781 3309 886 3375 tilium
908 3332 1046 3378 currum
1068 3319 1270 3409 triumphem⁴

245 3395 290 3457 tis
304 3408 567 3481 prosequentem
581 3393 695 3460 videre
708 3393 793 3474 vult,
815 3401 884 3480 qui,
899 3409 936 3459 ut
949 3403 1054 3466 toties
1069 3402 1162 3482 dicit,
1187 3429 1268 3472 amo-

246 3495 318 3542 rem
340 3478 488 3566 praefert
506 3479 663 3544 omuibus
684 3479 871 3546 honoribus
890 3487 1009 3568 patriis
1036 3497 1069 3550 et
1091 3490 1267 3578 triumphis

210 3565 215 3576 “
245 3565 304 3706 uni
323 3564 426 3632 iidem
449 3569 461 3628 i
485 3569 553 3714 dui
575 3575 671 3640 sunt,
699 3568 756 3650 qui
776 3563 866 3630 Latii
887 3567 1069 3658 triumphi,
1098 3573 1268 3661 dequibus

276 3665 361 3712 urm.
382 3670 447 3714 na
510 3695 553 3713 ..
1068 3687 1070 3692 ·

331 3818 390 3896 ιιι,
409 3767 448 3882 ie
469 3818 523 3906 (13
542 3818 604 3902 n),
617 3772 660 3882 s}

382 3959 476 4013 Durus
492 3959 538 4030 qui
551 3959 628 4012 lucro
639 3957 728 4029 potuit
740 3970 841 4017 mutere
856 3959 987 4032 puellam!
1059 3997 1062 4010 2

382 4027 509 4082 Tantisne
522 4028 551 4082 in
564 4027 682 4081 lacrimis
697 4027 787 4084 Africa
803 4040 857 4084 tota
867 4029 940 4090 tuit?
