2602 4694
222 279 313 417 soc¹
439 321 441 328 '
525 419 527 426 ,
604 331 736 414 cur.
784 336 870 410 111.
971 295 998 400 ζ,

287 484 291 494 “
568 523 762 613 cue.
820 527 912 616 111.
1039 551 1074 632 ῃ

221 719 507 792 enounnru
527 720 892 808 nuronunroun
912 719 1265 796 scniuronnn
1297 703 1299 798 f

287 819 414 892 LOCA
442 819 673 910 cunnum
694 825 755 892 ur
776 821 1107 894 uxemcunruu
1134 825 1200 895 ur
1297 831 1299 916 p

566 925 904 996 ununnnnrun.
1132 958 1136 968 ,
1221 923 1254 952 ==

307 1110 412 1200 Quod
420 1111 545 1180 Tibulli
561 1113 748 1180 editoribus
762 1118 971 1201 contigium
986 1119 1024 1182 in
1030 1120 1132 1184 initio
1147 1122 1263 1186 statim

221 1201 322 1286 nujus
343 1202 529 1264 carminum
550 1204 681 1284 magnis
700 1219 738 1264 se
761 1203 870 1288 premi
892 1201 1027 1270 videant
1050 1203 1262 1270 difficultati·

185 1326 190 1337 κ
220 1289 305 1365 bus,
338 1283 429 1349 idem
456 1281 627 1374 Propertii
650 1287 897 1374 interpretibus
924 1285 1054 1352 accidit.
1112 1283 1261 1354 Plurima

221 1371 357 1458 quidem
371 1372 406 1431 in
416 1372 526 1456 prima
541 1367 932 1454 elegiaHemsterhusius
950 1377 1083 1458 egregie
1099 1373 1272 1464 explana--

54 1531 59 1553 ⁸
98 1529 114 1550 1,
220 1461 281 1536 vit,
299 1458 393 1520 ineo
410 1465 540 1534 tamen,
560 1463 601 1517 ut
614 1451 698 1551 mihi
712 1455 867 1533 videtur,
884 1453 992 1520 'falsus
1008 1459 1100 1544 quod
1114 1481 1146 1526 v,
1163 1465 1220 1525 122

28 1641 31 1650 ,
155 1594 158 1603 “
289 1573 781 1636 ibatethimutasiilaeuidaeraeseras.

218 1676 386 1766 vulgatam
400 1685 533 1740 tutatur
545 1679 749 1826 scripturam
765 1675 974 1746 Graecorum
990 1699 1072 1745 usus
1094 1683 1257 1774 exemplis

217 1770 255 1832 tn
269 1766 390 1850 quibus
404 1761 541 1828 videndi
550 1783 609 1829 ver
633 1766 837 1852 auctionem
849 1767 1049 1855 experiundi
1065 1787 1257 1860 assumpse-

216 1863 309 1916 runt.
365 1847 459 1912 ldem
480 1843 717 1912 Lachmaunus
744 1849 909 1936 exemplis
942 1871 960 1914 e
981 1851 1114 1916 Latinis
1140 1859 1256 1940 petitis
1293 1863 1294 1866 ’

114 1954 118 1962 ’
216 1936 363 2028 probare
376 1930 508 2011 studet,
539 1951 624 2014 quae
637 1941 749 1996 tamen
763 1936 890 2022 pariter
902 1947 1002 2019 atque
1018 1937 1190 2002 Huschkii
1206 1939 1257 2003 lc-

52 2157 57 2165 .
151 2102 155 2155 l
216 2099 363 2170 Romani
378 2102 479 2167 uerba
498 2099 611 2163 ‘addere
623 2109 658 2164 et
676 2121 807 2164 noscere
820 2100 863 2166 de
883 2105 926 2168 iis
945 2107 1003 2188 qui
1015 2102 1131 2174 locum
1147 2131 1256 2256 ‹puec-

218 2041 258 2087 ca
272 2018 315 2084 ad
329 2014 454 2082 'tibuit
473 2016 499 2094 l,
513 2019 544 2091 2,
557 2019 599 2080 56
612 2011 684 2079 huo
701 2037 769 2078 nou
792 2015 931 2107 faciunt.
989 2019 1165 2110 Usurpaut
1186 2023 1256 2090 fere

217 2190 295 2254 dam
307 2183 537 2274 periculosum
556 2183 682 2247 adeunt
701 2187 900 2271 praesertim
916 2189 1095 2256 'l'artarum
1109 2215 1140 2260 v.
1178 2193 1252 2260 abu.

204 2269 260 2339 'ad
275 2269 375 2338 ovid.
392 2255 474 2334 Met.
488 2267 545 2343 lx,
559 2271 600 2332 20
612 2279 646 2332 et
659 2268 774 2334 Burm.
788 2269 830 2336 ad
843 2272 885 2348 11,
899 2277 951 2351 20,
965 2279 994 2352 7,
1010 2279 1060 2339 72.
1103 2277 1150 2340 At
1163 2297 1253 2344 sem-

101 2424 103 2434 *
158 2391 162 2404 ·
215 2377 280 2449 per
289 2357 450 2448 primaria
464 2363 577 2416 manet
592 2355 698 2428 notio,
712 2357 759 2418 ita
776 2369 827 2434 ut,
851 2359 942 2440 quod
958 2360 1113 2448 exempla
1127 2367 1168 2427 ab
1186 2363 1252 2428 illis

216 2449 377 2530 congesta
400 2437 543 2515 docent,
578 2459 622 2502 ue
643 2459 730 2528 opus
759 2441 896 2524 quidem
913 2462 987 2508 esse
1007 2447 1179 2528 videatur,
1217 2462 1251 2513 ut

176 2573 179 2580 .
214 2527 331 2598 videre
347 2547 379 2614 p.
394 2524 544 2610 experiri
555 2521 684 2588 dictum
696 2545 768 2589 esse
781 2537 974 2592 statuamus.
1032 2529 1142 2618 Magis
1156 2556 1172 2597 a
1203 2549 1250 2600 tus

215 2612 429 2678 ad'ccdicum
443 2612 644 2694 scripturam
661 2610 835 2672 tutandam
856 2609 952 2676 locus
968 2611 1066 2680 Statii
1081 2629 1135 2682 est
1147 2557 1248 2684 ridet:

215 2699 290 2774 vll,
302 2701 365 2762 673
381 2694 422 2758 de
438 2691 552 2758 leone:
571 2692 736 2778 praedam
748 2693 837 2757 videt
856 2710 884 2758 et
898 2719 960 2759 sno
978 2702 1118 2764 onlmrc
1140 2708 1247 2769 nescit.

214 2783 283 2851 Sed
298 2781 355 2846 bic
367 2779 456 2844 idem
471 2775 602 2842 alienus
613 2790 681 2854 est,
702 2787 745 2840 ut
755 2775 884 2843 Callim.
899 2783 934 2844 in
950 2781 1047 2847 Dian.
1060 2809 1090 2852 v.
1108 2793 1179 2854 103,
1215 2791 1248 2852 ln

177 2915 183 2942 2
214 2878 336 2935 nostro
348 2883 430 2931 vero
443 2859 520 2927 loco
529 2861 695 2925 Milanion
711 2873 864 2942 venatur,
879 2885 942 2930 uec
950 2869 1036 2932 vidit
1050 2883 1185 2936 tantum
1198 2873 1248 2939 fe·

213 2973 280 3032 ras,
301 2953 368 3016 nisi
380 2947 471 3014 forte
485 2948 550 3030 jam
564 2945 637 3012 illis
646 2951 857 3032 temporibus
871 2952 997 3016 bestiae
1011 2951 1171 3024 claustris
1189 2961 1247 3024 do·
1291 2970 1292 3023 ζ

212 3041 381 3120 miraeque
396 3030 594 3116 *fractaeque
614 3036 862 3117 spectatoribus
884 3041 1028 3123 pecunia
1040 3039 1119 3106 data
1134 3055 1247 3110 osteu-

213 3121 389 3188 debantur.
418 3115 518 3203 Apud
527 3111 685 3200 vellete.
695 3117 736 3194 ll,
751 3139 779 3181 c.
796 3123 871 3184 101:
892 3141 974 3203 quas
990 3131 1247 3211 uouprimcau·

151 3269 154 3277 ,
210 3207 356 3276 noacies
367 3193 694 3268 hostiumvidimus?
714 3201 955 3270 Verbumillud
964 3211 1092 3354 pariter
1104 3209 1244 3301 languet.
1291 3256 1292 3259 =

26 3274 29 3284 ¹
110 3355 114 3361 ,
210 3291 368 3358 Fecimus
383 3297 533 3370 quaeest
549 3283 868 3366 Heiusiidiviuatio,
890 3289 966 3375 pr.l
984 3289 1091 3358 uhuk.
1122 3297 1247 3364 Heinsii

211 3376 441 3460 conjecturam
455 3374 490 3438 in
503 3380 621 3434 nostro
633 3367 1061 3455 locoseriressroukhusic,
1081 3379 1246 3448 Bunnan·

1217 3491 1244 3556 ι’·

210 3542 645 3713 gdgadrfddsslldzpeddicuem
676 3563 812 3710 reiecid),
842 3628 936 3712 quod
955 3569 1244 3717 ‘probo3ardlcnceed¹irt¹

70 3722 76 3737 ·
126 3765 129 3772 .
210 3719 301 3782 euim
339 3710 408 3776 uod
428 3723 463 3777 et
481 3708 539 3775 illa
559 3711 660 3775 nimis
674 3710 1002 3782 receditaviderev.
1017 3716 1128 3786 atalia
1144 3733 1244 3791 restat

133 3833 142 3842 ·
211 3797 284 3866 citt
341 3807 393 3862 tas
413 3795 597 3870 anemius,
628 3793 861 3878 quodecim,
892 3799 1080 3881 intellecta,
1110 3813 1242 3890 quaein

208 3879 372 3950 Walatet.
408 3875 520 3961 ,Nihil
541 3882 632 3944 euim
650 3881 765 3946 verius
782 3891 834 3948 est
855 3883 1090 3953 obseruatione
1110 3905 1191 3960 cum
1208 3895 1242 3958 ab

209 3965 286 4034 uiis
301 3975 376 4030 tum
389 3981 408 4028 a
420 3959 641 4030 Broukhusio
658 3960 783 4030 alicubi
805 3964 849 4030 ad
863 3957 1035 4036 Tibullum
1047 3970 1156 4056 facta,
1184 3977 1242 4046 hcc

75 4069 78 4076 ·
207 4065 401 4144 procoma
412 4063 597 4134 numquam
609 4049 731 4116 sinaei
745 4051 838 4140 poni.
892 4051 932 4118 ln
952 4051 1018 4130 boe
1038 4071 1155 4128 autem
1172 4061 1253 4132 10002
