2656 4694
8 436 41 459 ,ι
107 305 111 319 ¹
207 385 213 393 ·
422 305 713 454 caesui·
962 352 1076 450 ,au
1177 337 1179 356 ³

5 505 7 520 ‚
36 545 278 612 &caussinum
291 549 343 615 est
355 508 492 605 initium
505 538 530 606 l.
546 509 587 620 113
603 537 683 604 inde
699 557 727 601 a.
743 535 777 601 5:

104 663 168 716 Sive
181 661 257 728 illam
270 659 333 713 Cois
347 658 495 730 fulgentem
509 659 634 712 incedere
647 657 725 714 totis,

132 730 298 798 flocttotum
312 749 327 781 e
340 729 396 782 Coa
408 729 625 785 veste'volumen
637 727 700 780 erit:

5 867 6 870 Ἴ
102 799 157 854 Seu
169 799 226 855 vidi
240 799 274 851 ad
285 798 406 851 frontem
418 812 520 868 sparsos
535 795 627 857 errare
640 793 748 866 capillos

135 869 243 922 Gaudet
254 867 366 920 laudatis
376 867 415 919 ire
427 867 540 937 superba
553 866 652 920 comis:

99 937 165 994 Sive
182 939 256 1008 lyrae
269 947 373 996 stamen
386 935 475 1006 digitis
488 936 618 1006 percussit
629 933 748 996 eburnis,
1040 997 1042 1001 ι

116 1001 268 1062 ‘Miramur
279 1005 364 1060 facilis
376 1015 407 1057 ut
418 1015 523 1075 premat
536 1015 591 1056 arte
606 1019 710 1072 manus,
1027 1001 1070 1058 ¹10
1123 1031 1125 1035 ,
1185 1029 1193 1054 a

96 1075 151 1130 Seu
167 1091 236 1129 cum¹
245 1073 378 1146 poscentis
391 1081 503 1126 somnus
518 1073 633 1126 declinat
644 1073 753 1132 ocellos,

130 1142 247 1228 lhvenio
260 1162 352 1198 causas
364 1143 439 1197 mille
450 1149 529 1214 poeta
541 1161 635 1198 novas.
703 1163 713 1216 v·

27 1280 178 1362 Primus,
201 1287 268 1350 nisi
281 1281 392 1363 fallor,
415 1281 626 1350 Schraderus
639 1277 891 1368 vidiiillud'non
906 1303 1008 1374 posse
1022 1286 1066 1351 ad
1080 1339 1084 1346 t

27 1370 235 1436 ,raecedens
256 1367 425 1446 distichon
446 1369 569 1434 referri
591 1371 796 1448 observarit,
833 1391 899 1456 qua
918 1375 954 1436 in
973 1392 1011 1435 re
1032 1374 1066 1437 el
1119 1392 1123 1421 ³
1173 1398 1175 1406 '

27 1391 225 1520 lluschldrts
247 1466 280 1518 et
293 1453 430 1519 Lachm.
451 1466 669 1521 assenserunt
687 1476 796 1539 neque
811 1477 873 1542 ego
889 1457 1061 1522 dissentio

27 1539 116 1604 Totis
133 1551 248 1604 autem
264 1551 316 1603 est
331 1541 543 1625 conjectura,
572 1561 648 1604 cum
661 1537 740 1604 libri
753 1539 896 1606 habeant
910 1543 1021 1638 cogis,
1043 1561 1062 1605 e
1115 1597 1120 1607 i

25 1642 90 1708 qno
106 1627 214 1692 verbo
228 1621 283 1687 alii
299 1627 384 1712 togis
398 1625 553 1690 fecerunt
567 1624 658 1709 quod
671 1627 736 1712 jam
750 1625 989 1692 Broukhusius
1003 1623 1063 1691 ress

20 1710 186 1860 Eudiavin
200 1695 351 1772 Huschk.
365 1713 449 1788 novi,
463 1704 705 1801 Wyngaardeh
715 1709 817 1776 Obss.
833 1711 907 1774 crit.
920 1714 958 1773 in
965 1707 1061 1776 Actis
1144 1777 1166 1794 Γ

6 1809 7 1812 ’
47 1817 97 1860 oc.
119 1793 245 1882 Ultraj.
267 1793 346 1870 Til,
366 1818 398 1882 p.
416 1795 491 1859 195:
526 1795 672 1872 conchis,
707 1793 844 1860 Lachm.
863 1797 983 1873 coccis,
1011 1799 1061 1858 ita

20 1891 132 1946 tamen
162 1891 346 1962 utsversus
383 1883 432 1943 sic
459 1891 713 1967 transponeret:
746 1885 776 1944 9.
801 1881 898 1945 tut.
921 1881 950 1943 8.
974 1879 1003 1942 5.
1024 1881 1060 1963 63

5 1964 234 2030 =Schraderus
255 1963 400 2048 denique
420 1965 491 2028 vicli
512 1987 545 2054 p.
565 1969 647 2030 totis
673 1987 691 2030 e
712 1964 839 2031 duobus
864 1964 1061 2048 Vossianis3

20 2070 120 2133 quam
140 2044 594 2138 scripturamethantum
607 2051 707 2115 Voss.
728 2049 970 2115 enotatBurm.
1013 2045 1061 2113 At
1143 2114 1145 2118 ,

16 2139 50 2200 in
69 2136 241 2202 librorum
260 2137 430 2220 scriptura
445 2138 553 2223 cogis,
574 2133 761 2220 aliudquid
782 2133 887 2200 latere
906 2133 1059 2217 illudque
1100 2206 1103 2214 Ι

15 2223 85 2288 uidi
100 2243 119 2285 a
134 2221 241 2286 docto
264 2217 421 2296 librario,
451 2233 489 2282 ut
509 2219 631 2286 melius
653 2224 824 2288 structura
869 2219 1057 2297 recederet,

12 2306 228 2394 adscriptum
250 2323 323 2368 esse
343 2303 632 2377 verosimillimum
653 2305 713 2372 est.
762 2307 854 2370 Husc
880 2292 1059 2378 liii'autem
1092 2360 1098 2374 ι

10 2395 106 2470 novi,
133 2392 293 2479 quumvis
306 2393 645 2474 acute'excogitatum
651 2435 663 2468 ,
693 2392 869 2475 improbo,
897 2387 1057 2474 quiahoc

5 2480 156 2562 uerbum
172 2477 216 2540 de
233 2471 305 2538 aliis
317 2476 427 2556 iisque
446 2477 656 2557 gravioribus
678 2475 779 2538 rebus
803 2473 951 2550 dicatur,
985 2493 1058 2552 non

10 2561 52 2627 dc
70 2563 202 2628 talibus
214 2556 355 2622 ludricis
370 2561 557 2639 ‘amatoriis
613 2557 850 2624 Lachmannus
867 2571 978 2621 autem
995 2579 1057 2624 ve-

5 2666 99 2728 reor,
111 2661 151 2712 ut
167 2645 268 2733 plura
278 2646 469 2720 mutaverit,
479 2643 626 2726 quemad
636 2643 821 2708 sanandum
833 2630 954 2708 vitinus
969 2660 1055 2728 opus

5 2747 69 2799 est.
127 2732 369 2817 Tranqusitio
390 2732 480 2792 enim
505 2748 524 2790 a
546 2727 752 2792 Ruhnkenio
773 2727 1056 2793 lenissimumre-
1137 2781 1138 2784 ,
1252 2777 1260 2788 ,
1315 2791 1319 2808 ,

5 2819 162 2886 medium
176 2823 333 2881 vocatum
345 2827 379 2878 et
395 2817 551 2878 certatim
565 2813 687 2878 deinde
702 2815 743 2876 ub
757 2812 831 2877 aliis
855 2811 1054 2885 adhibitum,
1123 2852 1125 2860 s
1155 2864 1172 2878 ..
1220 2827 1225 2836 ·

5 2909 118 2977 rarius
145 2913 183 2968 et
210 2903 340 2964 cautius
358 2897 518 2977 faciunda
547 2910 599 2964 est
631 2901 668 2961 in
701 2900 853 2963 versibus
880 2894 1078 2986 dactylicis=
1117 2909 1128 2920 “
1218 2919 1221 2928 ¹

30 2991 218 3076 raesert'im
242 2983 406 3070 elegiacis,
426 2984 484 3046 ubi
497 2981 760 3068 unumquodque
776 2978 945 3046 distichon
960 2999 1054 3046 suam
1090 2997 1091 3000 ’
1121 2997 1127 3007 ‘

48 3077 110 3140 bet
123 3073 340 3145 sententiani,
361 3073 459 3132 itaut
472 3091 542 3134 uuo
555 3067 701 3132 disticho
721 3065 982 3144 s'edeaua'moto
995 3071 1068 3128 to-'
1127 3082 1130 3089 ’
1210 3079 1219 3088 ’

5 3166 75 3224 tius
91 3158 257 3224 carminis
270 3166 427 3220 venustas
441 3173 539 3242 saepe
554 3165 679 3240 pereat
708 3175 739 3219 v.
753 3157 855 3218 etiam
867 3151 959 3218 Reisi
983 3153 1055 3214 ium
1076 3163 1079 3173 “

5 3245 180 3331 Coniectt.
198 3265 231 3328 p.
248 3240 320 3304 244.
365 3237 416 3302 Ac
438 3257 517 3302 saue
538 3242 687 3302 etiamin
704 3235 770 3302 hoc
787 3235 864 3302 loco
885 3259 903 3302 e
980 3237 1054 3323 gaft

5 3332 129 3396 ordiim
156 3322 274 3416 paullo
297 3321 418 3393 melius
440 3325 496 3388 ita
505 3323 656 3408 gradatio
669 3319 724 3401 fit‚1
745 3335 784 3386 ut
805 3334 905 3408 poeta
923 3323 963 3386 ab
987 3341 1055 3385 ex·
1102 3384 1105 3394 ,
1151 3315 1156 3325 ’
1209 3335 1215 3344 ·

5 3413 102 3482 terna
125 3407 363 3502 pulcritudine
386 3407 429 3472 ad
446 3404 612 3498 Cynthiae
629 3416 718 3472 artes'
739 3407 883 3489 denique
901 3405 944 3470 ad
957 3425 1053 3472 sum-

5 3523 108 3566 mum·
130 3493 243 3570 illud,
287 3492 378 3578 quod
407 3493 471 3557 sibi
502 3489 566 3556 soli
591 3490 702 3556 facere
727 3489 839 3567 licuit,
880 3489 1051 3578 procedat.

5 3586 102 3670 Quae
117 3585 212 3668 justa
224 3577 376 3664 gradatio
395 3577 545 3664 deperit,
569 3580 598 3640 si
614 3575 752 3640 Lachm.
766 3575 920 3640 ordinem
934 3576 1052 3658 sequi-

5 3661 187 3752 mur,„ubi
204 3665 256 3742 id,
275 3662 367 3746 quod
380 3674 480 3748 poeta
498 3658 613 3748 paullo
633 3662 771 3750 majoris
790 3662 967 3731 aestimare
986 3658 1050 3721 de—

5 3759 102 3832 tuit,
137 3754 244 3817 vestis
262 3738 407 3810 hrnatui
431 3748 671 3834 praemittitur·
724 3745 849 3828 Neque
867 3747 968 3808 etiam
985 3740 1049 3810 hac
1151 3761 1154 3764 ·

5 3839 279 3928 transpositione
294 3835 419 3908 vitatur
433 3835 601 3914 correctio
615 3855 645 3898 v.
660 3830 696 3909 5,
718 3833 777 3907 ubi
789 3827 926 3898 Lachm.
945 3826 1050 3892 coccis
1079 3825 1083 3837 “

5 3947 71 3992 aon
87 3923 264 4012 optimum
273 3916 378 3984 ‘habet
390 3927 527 3994 sonunt,
562 3935 663 4002 quem
678 3915 832 4002 equidem
850 3917 878 3980 si
893 3912 1049 3978 codicum
1128 3945 1134 3954 =

5 4015 184 4100 scriptura
197 4003 302 4082 esset3
319 4001 464 4086 ferrem3
485 4021 546 4068 cur
561 4014 672 4068 autem
685 4023 704 4067 e
716 4001 908 4099 conjectura
919 3993 1048 4065 iniera-
1156 3977 1178 4028 ,⁴
