2602 4694
274 371 352 446 avo
412 372 415 380 ’
484 341 516 447 s
573 428 582 488 3
668 316 921 438 cinx'rv.

230 541 233 548 ’
274 553 365 647 apud
380 549 579 619 Ciceronem
595 553 725 622 struma
740 544 820 641 vera
836 551 1016 619 verborum
1031 555 1191 617 sententia
1202 553 1275 618 aber-

268 643 440 716 raverint,
461 661 538 702 cunr
552 658 610 704 eos
633 635 858 703 dissimulatio
880 641 1055 726 scriptoris
1074 635 1205 722 fugeret.
1240 637 1274 703 sit

216 745 232 799 ’,
276 741 389 806 autem
406 743 510 811 purus
529 721 608 788 fons
631 727 703 790 sive
723 720 791 788 hoc
812 726 881 790 sive
896 721 957 787 illo
973 721 1275 809 modolaccipiendus,

277 824 370 880 certe
390 805 547 894 languida
566 820 618 872 est
630 806 826 872 Mariclandi
850 810 1040 891 conjectura
1060 829 1093 893 p.
1113 828 1204 892 puros
1214 811 1275 872 scri·

277 898 390 963 bentis
408 906 522 957 vestro.
566 891 662 958 idom
681 892 724 958 dc
746 889 956 964 Lacbnranni
976 895 1158 956 mutatione
1169 896 1202 954 in
1215 912 1239 958 u
1250 895 1275 956 tt

277 981 477 1074 judicamus,
498 980 557 1060 qui
570 999 602 1064 p.
616 989 703 1042 nato
716 978 833 1047 scribit
847 989 938 1054 noto,
958 987 1096 1042 secutus
1111 981 1276 1064 scripturam

179 1103 181 1110 >
277 1061 522 1134 nonnullorum
533 1061 714 1140 librorum,
742 1081 888 1144 quorum
906 1065 980 1148 ipsc
1001 1061 1127 1146 alioqui
1139 1065 1276 1147 impugnat

278 1151 524 1218 auctoritatem.
585 1146 777 1212 Modestius
802 1145 932 1212 Tullius
956 1157 990 1210 et
1038 1145 1158 1212 edestri
1176 1165 1276 1210 accom-

276 1234 447 1304 modatius
462 1234 621 1320 scriptori
637 1225 679 1296 de
691 1251 728 1296 se
743 1230 824 1295 dicit
838 1235 875 1294 in
883 1229 984 1297 Acad.
1029 1280 1036 1297 .
1051 1231 1076 1294 Ι.
1091 1233 1156 1313 §.St
1180 1227 1275 1306 „Meos

280 1324 406 1386 amicos
426 1320 464 1380 in
479 1313 657 1383 Graecum
671 1319 782 1393 mitto,
802 1315 838 1379 id
855 1328 909 1382 est
925 1300 971 1379 ad
976 1313 1127 1383 Graecos
1140 1320 1185 1379 irc
1196 1317 1276 1400 jubeo,

276 1421 319 1472 ut
341 1423 380 1469 ea
394 1420 421 1466 a
440 1399 595 1466 fontibus
616 1404 731 1489 potius
748 1398 903 1466 hauriant
921 1421 1021 1486 quam
1045 1396 1167 1466 rivulos
1187 1419 1276 1465 couse-

277 1489 436 1558 crentur:
471 1483 573 1568 ‘Quae
586 1497 699 1550 autern
712 1503 813 1551 nemo
827 1484 937 1550 adhuc
951 1485 1130 1562 docuerat,
1140 1513 1146 1518 ·
1158 1487 1215 1549 nec'
1227 1493 1276 1551 etat

277 1574 370 1641 unde
384 1571 528 1638 studiosi
542 1574 629 1636 scire
643 1582 805 1659 possunt,
833 1589 872 1635 ea
887 1581 1052 1656 quantum
1068 1573 1162 1657 potui
1177 1605 1213 1618 -
1223 1567 1246 1632 ie
1261 1569 1267 1584 '

274 1671 320 1726 ut
338 1668 421 1724 noto
441 1665 556 1722 essent
575 1658 751 1728 nostris.''¹
787 1655 872 1720 Jure
892 1667 1004 1720 autem
1019 1669 1121 1744 poeta
1130 1654 1165 1718 id
1178 1649 1275 1718 dicendi

277 1755 405 1834 geum,
427 1739 518 1825 quod
529 1744 713 1828 peripsum
726 1742 940 1822 innotuerat,
960 1751 981 1808 a
999 1761 1037 1808 se
1050 1751 1163 1806 natum
1174 1736 1275 1830 praedi*

279 1850 356 1896 care
369 1835 492 1915 potest.
538 1824 667 1892 Contra
678 1824 739 1902 IV,
754 1827 786 1903 9,
799 1825 856 1890 to:

273 1929 278 1943 “
347 1931 383 1986 Et
393 1947 533 2000 uunquam
545 1927 579 1984 ad
593 1941 680 1982 notas
692 1927 767 1982 irrita
776 1928 828 1983 tela
842 1927 922 1984 ser-as.
980 1937 982 1942 '

81 2117 85 2124 .
121 2031 124 2040 ’
161 2094 163 2097 .
274 2027 514 2105 'Lachmannus
535 2009 559 2096 ε’
574 2028 731 2120 piurimis
751 2035 786 2094 et
806 2034 944 2118 optimis
963 2031 1060 2101 libris
1081 2038 1220 2130 reposuit

278 2135 352 2202 tos,
380 2123 429 2184 ita
445 2121 701 2202 interpretatus:
727 2114 970 2197 „Quotiescun
994 2139 1038 2184 ue
1063 2139 1145 2186 nova
1163 2139 1242 2182 mons

211 2254 212 2261 Ι
278 2197 477 2279 nascantur,
508 2204 604 2264 irrita
622 2197 690 2264 tela
709 2217 769 2264 sua
787 2208 916 2286 negat.''
969 2140 1276 2288 dalhdasaneliutat

278 2292 442 2380 pretatio,
466 2300 549 2370 quac
559 2287 620 2350 vix
636 2282 690 2348 his
703 2286 813 2350 verbis
828 2284 905 2349 elici
920 2299 1043 2375 potest.
1096 2289 1131 2354 Si
1142 2281 1274 2371 nutasse·

278 2395 340 2440 roc
357 2367 515 2437 ferendae
529 2381 620 2446 sunt,
634 2365 751 2436 saltem
767 2370 905 2436 verbum
922 2373 1103 2456 quoddam,
1117 2369 1208 2442 veluti
1256 2381 1259 2388 '

280 2477 410 2546 cunque
423 2453 464 2518 ad
477 2465 580 2520 notas
594 2453 834 2542 apponendum
843 2467 924 2520 erat.
965 2457 1012 2520 At
1027 2472 1126 2524 natac
1136 2457 1246 2533 ferae,a

100 2599 105 2608 .
280 2541 390 2610 solute
406 2539 550 2617 dictum,
581 2551 661 2606 sunt
676 2536 787 2616 ferae,
807 2559 891 2622 quae
904 2560 1046 2608 necesse
1062 2543 1126 2608 fuit
1144 2551 1178 2605 ut
1188 2559 1274 2608 nasci·

183 2647 185 2657 ν
258 2625 265 2680 l
277 2639 417 2704 rentur,
461 2627 530 2687 rius
554 2643 631 2686 uam
644 2621 735 2687 ferae
757 2636 877 2688 essent.
904 2625 1017 2695 =Benc
1032 2631 1152 2714 igitur,
1179 2619 1273 2709 siquid

265 2715 397 2789 .,video‚
433 2647 551 2774 droul<
575 2711 670 2772 usius
704 2719 801 2772 notos
824 2712 977 2796 scripsit,
1002 2716 1098 2798 'quae
1125 2712 1234 2798 conject

279 2797 424 2864 duorum
436 2795 679 2858 Vossianorum
696 2789 842 2858 lectione
864 2815 967 2860 novus
986 2801 1119 2885 egregio
1134 2797 1272 2864 confirma·

278 2894 345 2948 tur.
390 2880 497 2944 Notae
509 2875 600 2942 ferae
616 2888 694 2943 sunt
709 2875 882 2955 celebres,
896 2881 1006 2966 poetis
1023 2881 1211 2948 decantatae:
1236 2877 1271 2941 sic

277 2967 420 3032 Horatio
432 2962 562 3028 Lesbos
575 2974 714 3026 vocatur
726 2973 806 3026 nota
819 2961 949 3046 Lesbos
963 2969 984 3028 i.
999 2986 1026 3030 e.
1040 2956 1180 3049 ciivpvoc.
1195 2962 1271 3044 Aiitu

278 3072 344 3117 uec
353 3056 466 3113 tamen
504 3045 689 3110 robabilem
703 3048 780 3110 iniit
794 3051 961 3113 rationem
975 3050 1122 3116 Santcn:
1132 3052 1170 3116 ad
1182 3042 1271 3114 Catulli

279 3133 320 3202 el.
333 3133 376 3198 ad
393 3069 502 3198 Mani
519 3155 549 3198 v.
562 3135 605 3196 22
628 3134 819 3218 corrigens:
845 3153 986 3212 nocuas,
1015 3132 1271 3224 quodepithctor,

277 3239 355 3302 mco
369 3226 462 3284 certe
475 3231 594 3294 seusu,
622 3213 717 3279 valde
736 3215 873 3301 languet
892 3237 972 3305 prae
989 3217 1053 3284 ilio
1067 3233 1167 3287 notas.
1201 3217 1273 3282 Geta,

235 3347 244 3362 ,
276 3325 355 3370 rum
369 3301 412 3368 de
430 3303 530 3366 initio
549 3297 609 3364 illo
622 3296 644 3363 1.
658 3299 709 3364 ΙΙΙ
726 3298 894 3388 Propertii
908 3301 997 3368 lectu
1013 3305 1112 3392 digna
1126 3316 1271 3387 suntque

270 3385 476 3456 'Huschkius
497 3386 690 3452 observavit
710 3387 747 3447 in
767 3388 866 3452 initio
888 3409 939 3474 ep.
954 3389 1027 3453 orit.
1044 3389 1087 3452 ad
1101 3391 1270 3464 Santeuiuu3

274 3470 383 3540 multa
405 3491 471 3535 nec
490 3479 604 3532 tamen
624 3474 736 3533 omnia
757 3473 838 3534 satis
859 3483 937 3560 apta
956 3471 1158 3540 Passeratius
1171 3469 1272 3538 etVul·

81 3554 86 3576 ¹
180 3545 190 3561 “
271 3555 354 3648 'pius
380 3567 631 3640 congesserunt.
673 3552 766 3619 Alias
785 3553 1021 3622 Valckenaerii
1044 3562 1081 3622 in
1101 3559 1270 3646 Propertium

277 3643 489 3724 conjecturas
502 3639 573 3723 ¹jani
586 3634 824 3702 Lachmannus
842 3642 928 3706 bene
941 3641 1102 3710 refutavit
1113 3667 1141 3712 v.
1155 3665 1180 3707 c.
1193 3641 1269 3720 liii

274 3731 319 3792 88
328 3725 401 3812 (ΙΙΙ,
414 3728 467 3804 28,
476 3727 517 3788 88
529 3715 728 3788 edbaohm.
740 3722 783 3801 ΙΙ,
793 3727 866 3803 293,
881 3717 922 3790 89
936 3726 1055 3814 ed.B.),
1072 3729 1113 3794 de
1125 3722 1269 3794 cu'uselc·

275 3813 352 3958 filas
362 3833 395 3878 v.
411 3809 452 3874 86
464 3806 641 3956 (91ὲιιιωο
659 3811 754 3894 quasi
796 3814 981 3876 raeteriens
1000 3831 1139 3892 moneo,
1163 3751 1269 3881 iieinsii

307 3891 496 3969 roukhusii,
545 3897 720 3971 urmanni,
773 3891 989 3972 alckcnaerii,
1008 3895 1201 3964 Lachmanui
1214 3893 1268 3980 opi·

274 3981 412 4042 utonem
427 3973 603 4069 Nymphas
616 3982 734 4042 minus·
748 3987 842 4045 recte
855 3979 940 4047 'deas
952 3984 1085 4060 vocari,
1111 4000 1175 4050 non
1190 3977 1267 4045 solun

274 4062 572 4178 inscriptionibus,
610 4081 751 4149 quarum
768 4089 770 4128 ;
785 4060 939 4162 cpcmpla
960 4063 1178 4165 lintiniacum
1203 4055 1265 4151 apud

1089 4372 1098 4402 f
1119 4377 1168 4412 ‘NJ'
1179 4380 1188 4400 ’μ
