2638 4698
968 350 1122 440 axiis

49 514 164 590 iieinsii
178 523 339 610 inprimis
354 535 388 586 et
402 505 597 587 Marklandi
614 517 840 592 divinationes
852 520 975 606 refero,
994 524 1079 612 quae
1114 532 1121 547 ⁹
1154 554 1158 563 ¹

48 629 168 698 semper
191 605 268 672 fere
292 605 345 673 rel
364 608 405 672 ab
431 607 623 672 eruditione
648 606 700 676 vel
721 612 762 674 ab
783 611 910 698 ingenii
926 613 1080 676 acumine

23 736 27 747 ·
47 692 341 760 commendationis
355 691 481 778 aliquid
497 689 632 758 habent.
688 693 783 778 Quid
797 707 910 762 autem
923 694 1080 764 Gestar-

46 781 82 860 ti,
104 775 340 846 obsoletatum
359 799 481 845 vocum
495 788 530 846 et
548 777 945 865 rancidarumfamaturis.
963 781 1080 866 conje*

45 874 165 940 norea,
194 863 279 948 quid
294 857 451 950 Palmerii
468 875 504 928 et
524 857 679 930 Gruterii
699 865 874 932 interdum
891 861 1081 943 delirantis,
1165 937 1170 951 ²

45 947 112 1034 quid
130 969 244 1036 porro
265 947 554 1036 ipsiusScaligeri
576 960 610 1013 et
623 946 835 1018 Broukhusii
854 941 1081 1023 carniacum,

43 1045 167 1111 nenia,
189 1035 232 1096 ab
245 1035 347 1120 ipsiS‚
366 1046 421 1122 *sat
435 1038 523 1112 scio,
546 1054 639 1099 nunc
652 1037 860 1124 improbata,
883 1035 968 1122 quid
981 1035 1082 1102 deuia

43 1119 295 1204 queBurmanni
308 1119 559 1186 emendationes
573 1133 711 1186 cunctas
723 1141 988 1186 commemorare
999 1121 1079 1184 atti-

41 1209 121 1282 nuit,
146 1206 320 1291 quas-ipse
333 1205 451 1291 poetici
461 1206 497 1268 in
525 1205 591 1268 cuii
604 1203 783 1271 exercendi
797 1227 901 1272 carno
923 1223 966 1271 ex
983 1213 1080 1292 parte

42 1289 137 1356 ictas
151 1307 232 1356 esso
244 1285 425 1377 professus
436 1222 824 1358 estlLachmannianae
835 1301 949 1356 tamen
964 1277 1082 1371 coni&

42 1389 159 1458 norae,
174 1384 298 1460 utpote
306 1373 464 1439 editionis
478 1376 741 1455 recentissimae,
764 1367 917 1464 iutegr'ae
931 1373 1080 1462 adjectae
1126 1393 1130 1415 ¹

41 1471 120 1538 rann
136 1472 181 1524 ut
194 1459 239 1522 de
249 1461 292 1522 iis
305 1457 449 1546 amplius
458 1457 662 1547 disputetur.
684 1459 855 1526 Permulta
863 1481 946 1530 reru
958 1479 1079 1526 recen·

39 1549 127 1611 tionis
137 1546 309 1630 temporis
325 1547 672 1631 scienspraetermisi,
693 1545 790 1630 quod.
798 1567 933 1624 moneo,
952 1567 999 1610 ne
1025 1546 1079 1607 uis
1112 1550 1115 1563 ¹

38 1651 72 1698 ex
82 1631 309 1718 ignoratione
322 1627 448 1692 iactum
463 1639 571 1716 putet.
656 1633 755 1696 uibus
771 1636 872 1696 etiam
886 1567 1085 1713 nonnulari

38 1739 81 1782 me
100 1715 347 1790 adnumerari,
384 1734 403 1778 a
432 1711 614 1778 Frederico
661 1717 800 1782 acobsio
825 1713 987 1784 Gothano
1013 1709 1081 1778 aii-

38 1799 173 1888 quando
188 1820 276 1862 exco
298 1801 397 1874 itata5
417 1819 518 1862 nemo
529 1801 727 1880 mirabitur,
747 1805 805 1886 qui
819 1813 972 1890 reputet,
993 1800 1080 1862 eain

37 1899 160 1962 aetate,
192 1885 252 1948 ubi
269 1819 429 1950 lividius
445 1901 517 1948 esse
533 1881 621 1949 solet
634 1887 826 1974 ingenium,
856 1884 962 1949 multa
977 1896 1010 1948 et
1023 1894 1080 1946 te-

35 1991 121 2036 mere
138 1979 177 2034 et
191 1968 353 2032 audacius
368 1971 510 2045 tentari,
530 1988 614 2051 qnae
631 1979 743 2036 tamen
758 1991 828 2034 non
841 1973 965 2036 iterum
977 1971 1079 2052 atque

34 2063 157 2122 iterum
187 2051 392 2131 refellenda,
425 2052 485 2117 sed
516 2053 679 2120 oblivioni
714 2055 881 2120 tradenda
914 2072 1078 2120 censeam.
1248 2113 1250 2123 ,

36 2140 122 2226 Quid
138 2151 258 2203 autern
273 2141 395 2202 mirum
408 2141 445 2202 in
460 2136 519 2202 tali
536 2141 629 2217 viro„
651 2138 782 2226 qualern
797 2158 871 2206 esse
882 2131 1083 2216 Jacobsipm'

1 2255 2 2258 ¹
32 2247 95 2292 non
113 2223 228 2290 modo
241 2221 425 2310 philologi,
458 2222 519 2287 sed
539 2243 659 2292 omnes
677 2227 719 2290 'ab
737 2223 1088 2290 humanitatisssnsu‘
1182 2216 1185 2236 '

33 2333 96 2376 nnn
112 2325 266 2398 prorsus
284 2307 384 2374 alieni
396 2313 575 2397 ipsumque
588 2307 730 2376 alterum
749 2329 871 2389 sexus,
907 2309 1081 2394 admiranf

1 2423 3 2451 ι
32 2410 102 2475 tur,
130 2407 175 2462 et
198 2397 256 2458 cui
270 2398 308 2472 in
324 2397 423 2472 crisi,
456 2413 556 2477 quam
570 2407 709 2472 vocant,
744 2385 1085 2482 conjecturalilnemo‘

1 2479 2 2562 j
94 2527 105 2562 ,
135 2481 320 2569 proximus
340 2477 522 2563 aliquando
541 2479 712 2546 Jonnthan
740 2481 894 2567 'l'oupius
915 2478 999 2556 init,
1037 2478 1079 2542 ab
1130 2511 1133 2516 ·

1 2567 2 2578 ’
29 2502 93 2632 liro
107 2570 224 2654 igitur
236 2567 323 2648 ‚viro
338 2562 475 2652 juvenili
489 2576 597 2628 aetate
603 2563 706 2713 lplura
728 2575 857 2630 tentata
875 2581 966 2644 esse,
995 2554 1088 2650 quse'
1166 2625 1171 2646 .

27 2657 142 2717 minus
155 2648 289 2715 auxilio
303 2647 518 2734 indigerent?
553 2650 601 2714 Ta
618 2653 648 2713 'a
668 2654 772 2738 igitur
792 2669 837 2715 ex
859 2661 955 2737 parte
970 2648 1081 2721 omisi,

26 2741 162 2828 pariter
188 2755 228 2800 ac
246 2753 533 2822 supervacaneum
547 2734 634 2800 duco
649 2731 890 2799 nonnullorum
903 2738 1079 2820 interpra-

25 2823 123 2887 tendi
138 2835 274 2910 genua,
304 2822 362 2904 qui
380 2821 416 2882 in
432 2835 577 2905 operose
592 2819 787 2888 refellendis
807 2838 925 2886 eorum
942 2821 1092 2906 opinio-³
1131 2844 1133 2856 ·

26 2911 128 2972 nibus
144 2907 216 2972 sibi
231 2903 383 2992 placent,
409 2908 469 2988 qni
482 2925 545 2992 pro
559 2907 692 2972 saeculo
708 2925 770 2971 suo
787 2906 881 2970 docti
893 2907 957 2972 viri
973 2899 1078 2967 multa

22 2997 256 3080 scripserunt,
271 2987 516 3073 quaenuncvel
528 2995 651 3055 tritaet
661 3003 851 3080 pervagata,
867 2990 1094 3058 velsitcom-’

23 3072 146 3167 parata
165 3087 270 3151 sunt,
295 3087 332 3139 ut
348 3093 444 3140 error
459 3079 573 3139 statim
585 3080 623 3139 in
637 3075 754 3143 oculos
769 3081 929 3141 incurrat.
970 3075 1081 3160 liqui-

22 3167 106 3231 dem
129 3174 229 3226 certe
250 3181 320 3224 non
339 3157 511 3246 intelligo,
545 3161 717 3245 quomodo
740 3161 873 3227 litterae
886 3164 1081 3224 incremen-

20 3235 103 3314 tur'n
117 3249 278 3336 capiant,
309 3247 339 3310 si
354 3247 390 3306 in
401 3264 607 3330 unoquoque
619 3244 697 3311 loco
709 3244 929 3334 explicando,
960 3248 1080 3332 prinas

21 3354 132 3421 quam
154 3333 391 3395 recentiorum
413 3330 593 3394 doctorum
619 3335 916 3420 interpretationes
942 3334 976 3394 in
996 3345 1101 3393 exau

19 3441 111 3485 men
140 3427 331 3493 vocentur,
364 3427 535 3496 tamquam
555 3420 638 3493 rite,
675 3419 895 3484 vetustissimi
920 3416 1080 3498 cujusque

19 3528 43 3570 o
71 3505 152 3568 inio
172 3506 302 3566 iterum
315 3511 414 3584 atque
435 3503 561 3564 iterum
580 3501 756 3566 refellitur.
807 3501 879 3565 Tua
901 3507 996 3576 sunt,
1030 3501 1096 3564 vir'
1130 3540 1135 3555 ,

16 3597 27 3654 i
59 3591 195 3662 nstris,
217 3600 264 3662 et,
286 3597 381 3686 puto,
397 3587 660 3670 uniuscujusque
675 3587 805 3652 cordati
819 3585 965 3650 hominis
980 3586 1081 3650 verba

16 3681 57 3740 in
67 3674 321 3756 Coniectaneis
334 3693 367 3756 p.
386 3675 460 3734 181:
485 3670 627 3746 (lucain
644 3671 706 3736 hoo
717 3673 1101 3758 generepeccuta‘sicni‘f

14 3785 41 3826 a
60 3759 178 3823 doctis
192 3757 383 3842 ceteroquin
387 3757 621 3840 grammaticis
635 3755 888 3845 antiquioribus,
899 3775 952 3844 co
966 3751 1082 3820 iuben

12 3843 272 3932 praetermitto.
318 3840 501 3920 Curmim,
525 3853 561 3906 ut
575 3843 834 3929 eaeempioutor,
859 3840 1007 3906 Grotium
1019 3837 1082 3904 ob*
1118 3878 1120 3884 ·
1159 3833 1170 3861 '¹

4 3933 169 4018 jurgant
187 3967 214 3977 -
230 3918 357 3992 ·-—?
383 3925 599 4010 Nonfacnui
620 3928 693 4009 ilie,
734 3929 762 3992 si
776 3926 843 3992 'hoc
864 3939 1009 4012 tmepore,
1026 3927 1122 4014 rii-:5
1211 4003 1213 4014 Ι
