2638 4698
42 391 45 396 “
80 431 82 435 -
234 385 333 452 xxvi

230 561 350 630 ιιοτίώ
364 555 429 628 litt.
442 560 582 646 Jenens·
596 561 831 629 mense-iunio
844 559 884 628 A.
901 565 995 630 1790.
1035 565 1125 629 Nam
1139 565 1286 631 various

228 644 290 713 ilia
301 645 406 714 lectio
418 645 508 735 apud
523 643 695 714 Catullum
709 647 742 711 ll
754 671 784 715 v.
800 647 868 713 uit:

229 769 230 772 ’
299 748 386 818 Quod
404 759 503 804 honam
520 752 602 824 soleii
619 749 666 808 diu
682 750 805 824 <ligeram
1011 790 1014 798 .
1145 800 1148 807 ,
1204 775 1207 784 ’

69 907 72 920 ,
228 836 391 925 uegetam
405 857 439 924 p.
454 837 611 922 ligorom,
634 855 719 921 quae
731 840 767 899 in
779 856 850 900 uno
860 835 994 904 Avantii
1008 833 1108 916 libro,
1129 849 1163 903 et
1178 837 1283 924 apud

144 999 149 1008 .
229 913 443 989 Huschkium
458 918 493 984 in
504 919 653 986 Analect.
667 919 731 986 liu.
746 943 778 1008 p.
793 925 835 986 67
847 925 884 986 in
898 926 1046 1008 margine
1066 923 1139 990 cod.
1156 922 1296 988 XXlll-

229 1019 264 1074 et
279 1005 433 1072 urceum.
442 1009 636 1102 reperitur,
670 1010 871 1094 exquisitior
888 1007 1022 1092 quidem
1039 1021 1105 1085 est,
1139 1005 1251 1072 nihilo
1261 1029 1285 1080 ι,

215 1103 340 1158 ‘tamen
355 1093 472 1156 minus*
481 1113 526 1156 ex
541 1092 633 1156 docti
646 1091 721 1156 Itali
737 1095 874 1177 ingenio
888 1103 973 1154 orta.
1034 1091 1276 1176 Temerarium

227 1173 301 1256 est,'
332 1175 413 1241 inde
434 1173 602 1278 duplicem
627 1179 874 1243 recensionem
890 1181 1065 1263 suspicari.
1120 1178 1209 1242 Nam
1230 1187 1276 1240 ut

226 1264 366 1326 omnino
386 1257 504 1325 dehis
528 1263 782 1326 recensionibns
797 1259 964 1343 'judicium
986 1281 1115 1340 meum,
1150 1260 1282 1346 quale-¹

227 1366 361 1430 cunque
375 1355 444 1423 est,
465 1343 591 1424 feram,
612 1342 786 1432 indignam
796 1345 864 1410 illis
878 1347 999 1410 censeo
1040 1351 1128 1413 oetis
1146 1353 1275 1433 singu·
1308 1395 1311 1398 .

225 1427 338 1496 lorum
353 1431 531 1495 verborum
545 1435 678 1495 anxiam
695 1429 973 1495 emendationem.
1058 1451 1141 1516 eque
1156 1437 1276 1508 etiam,
1295 1474 1298 1488 ·

226 1519 257 1582 si
270 1529 348 1579 rem'
358 1511 502 1580 ulterius
519 1515 670 1602 indagari
686 1513 789 1593 volu,
812 1535 830 1580 e
844 1512 994 1579 doctiore
1007 1520 1173 1604 scriptura
1188 1539 1275 1584 cer·
1299 1561 1304 1567 -

48 1657 51 1665 .
148 1617 151 1627 ·
224 1611 265 1668 to
280 1620 350 1665 sem
377 1620 415 1664 er
429 1598 541 1687 colligi
557 1612 688 1690 potest,
716 1620 789 1666 eam
803 1621 821 1663 e
835 1601 995 1666 secundis
1010 1605 1186 1691 scriptoris
1202 1625 1276 1666 cn-

124 1715 129 1730 ·
159 1723 161 1730 .
225 1689 274 1752 ris
298 1621 475 1750 'roiectam
487 1704 577 1763 esse,
613 1707 689 1750 cum
711 1707 775 1750 nec
789 1684 879 1772 apud
900 1683 1091 1773 philologos
1111 1684 1276 1773 δευτέραι

255 1793 275 1855 ρ
298 1769 627 1859 πιδεςποφωτέραι
650 1769 741 1855 quod
757 1769 882 1856 Toupii
900 1774 1055 1858 inprimis
1075 1771 1292 1861 exemplum
1312 1825 1316 1832 .

224 1789 342 1934 ioca,
377 1866 411 1919 et
437 1853 545 1920 multo
567 1860 677 1934 minus
701 1854 790 1944 apud
817 1865 954 1942 poetas,
990 1857 1085 1942 cujus
1099 1861 1149 1921 rei
1166 1877 1273 1936 cansa

933 815 939 823 ι

151 2017 155 2022 ¹
223 1944 435 2028 inpromptu
451 1952 513 2004 est.
558 1938 734 2028 Exemplis
755 1943 784 2004 si
804 1959 891 2026 opus
906 1938 1053 2015 videtur,
1084 1939 1126 2005 cf.
1141 1941 1285 2006 Mena-¹

222 2029 315 2112 gium
330 2023 372 2088 ad
389 2022 582 2089 Malherbae
596 2023 710 2090 Poem.
726 2019 773 2087 ΠΙ
794 2047 828 2112 p.
846 2028 916 2088 178.
973 2025 1126 2091 Vidimus
1151 2031 1277 2106 etiam,

224 2120 367 2188 conatus
381 2101 478 2186 illos,
512 2111 633 2193 quibus
649 2107 728 2173 inde
746 2110 786 2173 ab
802 2105 981 2198 Sophoclis
996 2109 1186 2174 Trachiniis
1201 2120 1272 2177 us-

222 2212 289 2280 que
309 2192 352 2258 ed
370 2193 585 2268 Lactantium
604 2194 714 2260 instit
736 2193 764 2272 1,
787 2199 815 2270 1,
834 2198 873 2258 13
893 2197 958 2260 viri
978 2194 1070 2260 docti
1092 2193 1272 2284 duplicem

73 2355 76 2364 .
187 2292 189 2306 '
220 2276 456 2367 recensionem
468 2280 612 2369 probare
626 2278 843 2376 studpbant,'
864 2297 983 2374 parum
1003 2278 1160 2346 habuisse
1183 2280 1269 2370 ple-

221 2382 297 2428 rum
320 2383 364 2445 ue
378 2381 563 2429 successus.
589 2405 597 2416 -
930 2441 932 2443 Ι

321 2446 575 2514 'xLachmanni
586 2447 803 2534 conjecturis,
826 2450 976 2530 quamvis
990 2448 1114 2516 nullam
1126 2465 1270 2539 praeter

159 2537 161 2548 '
221 2531 327 2602 unam'
337 2533 379 2611 11,
394 2537 447 2615 29,
462 2538 504 2599 27
518 2545 555 2598 ut
566 2555 599 2621 p.
614 2545 664 2613 et,
694 2553 779 2618 quae
794 2543 907 2598 tamen
929 2539 1096 2599 correctio
1109 2537 1175 2620 jam
1190 2559 1273 2602 non

219 2621 407 2684 necessaria
425 2618 575 2696 videtur,
611 2622 816 2708 receperim,
854 2615 972 2706 plures
996 2627 1120 2684 tamen
1137 2615 1274 2709 probo,‘

101 2697 128 2750 '-
209 2707 401 2802 praecipue
413 2703 456 2782 ll,
471 2707 574 2782 28,9:

183 2823 187 2832 ‘
268 2805 426 2860 ‘Praeterea
446 2806 571 2859 domibus
589 2803 728 2862 flammam
748 2803 927 2873 domibusque
946 2801 1063 2864 ruinam.

218 2893 353 2968 inficeta
375 2895 537 2958 domuum
563 2895 723 2979 repetitio
743 2883 813 2954 non
834 2888 943 2955 inulto
960 2894 1072 2958 minus
1091 2888 1161 2960 'hoc
1180 2896 1268 2965 looe
1295 2921 1303 2932 “

218 2977 383 3057 offendit,
434 2999 510 3042 uam
524 2974 754 3062 Sophocleum
769 2979 806 3040 in
822 2975 909 3039 Oed.
919 2974 956 3041 C.
970 2999 1000 3042 v.
1018 2983 1082 3043 702
1099 2970 1266 3064 εὔιππον,

217 3063 389 3138 εὔπωλον,
411 2999 542 3127 irustra
557 3063 716 3126 Simmiae
730 3079 828 3128 versu
841 3077 1108 3149 propugnatum,
1142 3071 1200 3152 qui
1217 3073 1267 3135 ab

100 3205 104 3215 .
217 3147 413 3212 Hermanno
425 3147 550 3211 eumad
564 3145 596 3210 h.
609 3145 712 3210 Ltum
725 3144 995 3221 inElem.doctr.
1006 3147 1051 3211 M.
1061 3171 1092 3237 p.
1102 3155 1164 3214 200
1178 3152 1266 3218 lau„

217 3233 343 3296 datum·
385 3233 425 3295 ln
446 3229 570 3296 talibus
593 3235 682 3294 enim
701 3235 867 3294 rationem
885 3230 1048 3320 exemplis
1086 3237 1266 3306 raevalere

166 3334 172 3351 ‘
215 3330 309 3408 puto.
340 3351 343 3358 ν
366 3317 457 3382 Bene
478 3319 584 3402 igitur
600 3313 837 3392 Lachmann'us
859 3337 923 3402 pro
942 3335 1044 3381 secun
1072 3342 1093 3384 o
1107 3320 1282 3390 domibus·
1305 3365 1310 3378 .

95 3468 100 3479 ,
215 3405 358 3552 porrilgilt
379 3401 545 3493 dominis,
576 3399 681 3490 plane
711 3413 750 3466 ut
772 3401 951 3486 Aquinatis
976 3415 1077 3491 poeta
1104 3401 1266 3490 loquitur

211 3536 226 3556 .-
241 3499 284 3554 at.
362 3509 392 3554 v.
406 3491 462 3552 72:

282 3591 394 3658 Viscera
404 3581 564 3662 magnarum
579 3591 712 3643 domnum
724 3589 883 3663 dominique
897 3590 992 3644 futuri.
1051 3642 1055 3652 ,

198 3675 280 3746 -nlr'i'
291 3674 420 3743 eiicere
441 3673 595 3742 donicum
614 3672 764 3762 intellige
775 3686 999 3763 patronorum
1017 3697 1089 3742 rem
1107 3677 1262 3748 familia·
1305 3681 1314 3692 ’

213 3785 286 3830 rem
304 3761 515 3828 devorantes.
559 3759 657 3845 Quae
676 3765 791 3826 teinen
813 3771 985 3848 praeterea
1015 3761 1262 3836 Lachmannus

163 3884 169 3901 =
212 3858 339 3926 tentat,
359 3853 428 3913 no'n
444 3846 737 3938 necessaria'puto.
948 3867 951 3876 ’

88 3967 89 3978 ¹
174 4005 181 4018 ,
274 3975 292 4040 .·
339 3949 399 4026 111,
424 3945 592 4036 142412*

278 4057 357 4116 Prata
373 4064 550 4109 cruententur
565 4052 642 4108 Zethi
656 4035 921 4120 ric'torquecanebat
952 4043 954 4052 ’
1132 4115 1136 4122 Ι

273 4123 287 4137 ”
314 4125 433 4185 Paeana,
454 4121 686 4195 Amphionem,
706 4115 946 4190 Aracy'ntlie„tus;
972 4137 975 4146 ⁴
1037 4138 1040 4146 ·
