2562 4696
239 369 316 454 223
554 354 559 362 '
651 356 802 473 CAPg
827 357 858 430 1.
892 413 895 425 .
971 339 974 344 ’

136 535 139 544 ’
238 554 320 619 dum
332 543 444 616 tamen
460 565 514 612 res
537 543 691 618 confecta
709 553 808 610 esset.
868 537 939 606 Cur
962 544 1052 606 enim
1072 543 1158 606 venit
1176 543 1246 606 sicca

138 705 141 722 ,
238 635 302 712 ilia,
315 648 349 700 et
368 638 468 698 nimis
492 633 605 696 sobria
628 626 762 718 puella?
796 628 863 692 nisi
886 626 976 692 torte
995 643 1135 691 omme
1181 629 1245 716 eriri

208 731 213 738 '
238 721 345 792 voluit
357 720 604 784 abstinentiam.
660 713 847 779 Senserunt
860 709 945 789 hoc,
974 733 996 776 ο
1021 714 1114 788 inor,
1142 715 1149 726 '
1176 713 1246 795 iqui

136 845 138 856 ·
238 809 332 874 vento
351 815 411 878 aut
429 804 503 868 veni
524 795 701 866 emendare
727 795 925 874 voluerunt,
947 735 1020 871 *aad
1038 789 1246 862 Lachmannn's

175 903 179 911 “
238 893 304 957 hoc
319 889 422 954 modo
437 884 646 975 particulam
659 883 843 948 desiderari
856 894 949 945 recte
962 883 1131 957 observat,
1150 884 1247 965 quirn-

137 1031 139 1040 ,
239 965 340 1063 quam
354 973 471 1049 etiarn,
502 984 541 1034 ut
556 966 810 1056 vulgolegitur,
841 970 951 1031 oratio
964 965 1092 1052 aliquid
1104 965 1194 1030 habet
1204 969 1248 1028 in-

239 1058 417 1126 commodi.
449 1052 580 1120 Vellem
593 1066 705 1121 tamen
719 1050 956 1116 Lachmannus
970 1055 1029 1136 qui
1042 1071 1156 1114 sanum
1189 1069 1249 1114 rae·

221 1147 329 1212 dicat
343 1143 411 1225 hoc
423 1137 613 1216 distichon,
643 1134 757 1224 paullo
772 1136 879 1202 fusius
894 1139 1096 1202 sententiam
1109 1072 1248 1222 expleas-

241 1241 293 1298 set
306 1245 440 1296 versus:
473 1223 566 1310 quod
583 1227 674 1289 enim
689 1221 790 1298 dicit,
819 1223 976 1286 aeuvmit
991 1241 1012 1284 o
1037 1223 1180 1308 positum
1191 1237 1247 1285 esse

238 1313 455 1406 praecedenti
472 1309 636 1386 admittit,
665 1306 703 1370 id
717 1307 854 1392 quidem
868 1321 913 1374 ex
929 1305 996 1372 hoc
1036 1303 1153 1372 'sticho
1166 1323 1247 1392 appa-

239 1411 310 1476 ret,
333 1395 394 1462 sed
410 1393 532 1459 falsum
549 1411 623 1458 esse
635 1392 781 1461 videtur.
836 1389 986 1478 Ingenua
1007 1396 1099 1456 enim
1115 1389 1177 1455 fuit
1189 1409 1246 1452 mu-

237 1483 302 1549 lier
324 1479 489 1568 Cynthia,
526 1497 611 1562 quae
635 1489 770 1566 poetam
798 1495 983 1560 numquam
1002 1480 1071 1566 nisi
1089 1480 1123 1542 in
1141 1477 1246 1541 somnio

237 1571 329 1640 visit,
344 1584 545 1650 quamquam
559 1584 636 1628 cum
646 1583 687 1628 eo
695 1565 731 1624 in
744 1563 848 1626 trivio
863 1566 1089 1638 convenit,=ut
1106 1565 1119 1624 i
1142 1580 1175 1625 sa
1186 1576 1245 1622 nar-

237 1664 291 1718 rat
306 1652 371 1730 tv,
393 1656 430 1728 7,
456 1651 495 1712 15
517 1667 589 1734 sqq.
642 1647 734 1712 Haec
757 1656 870 1710 autem
888 1650 962 1734 ipsa
979 1646 1087 1732 elegia
1130 1642 1246 1710 'stichon

129 1809 133 1834 ,
238 1741 393 1826 spurium
407 1753 479 1800 esse
495 1733 604 1797 docet.
652 1731 777 1795 Narrat
794 1733 883 1795 enim
899 1736 988 1796 inea
1002 1729 1147 1820 Cynthia
1160 1730 1246 1794 omnia
1269 1749 1270 1754 ¹

238 1843 324 1907 qnae
345 1822 390 1884 ob
409 1839 521 1882 acrem
542 1840 560 1882 e
602 1829 797 1881 anostmm
820 1828 955 1902 poetam
976 1835 1127 1881 amorem
1139 1827 1171 1880 et
1187 1833 1246 1900 ege-

239 1912 286 1971 rit
303 1919 338 1971 et
350 1923 449 1992 passa
469 1907 524 1967 sit.
637 1900 683 1966 od
700 1904 730 1966 si
752 1917 913 1983 umquam
935 1901 978 1965 ad
997 1913 1118 1988 poetae
1137 1901 1245 1964 domun

238 1995 387 2065 venerit,
406 2011 487 2059 nuni
502 1985 595 2051 illam
612 1984 679 2050 h‘oc
691 1989 909 2072 praeteriisse
921 1982 1106 2074 putamus?
1125 1985 1245 2052 Omnino

237 2075 324 2140 illud
337 2097 367 2141 v.
381 2075 490 2137 venne
505 2076 554 2136 sic
567 2069 639 2136 fere
654 2069 780 2133 dicitnr
803 2082 842 2132 ut
866 2090 932 2170 pro
947 2073 1120 2136 convenire
1137 2083 1189 2133 aut
1204 2085 1245 2132 co·

37 2229 40 2236 ,
156 2159 159 2171 '
234 2164 329 2248 piam
341 2161 392 2224 sni
410 2156 567 2242 praebere
586 2164 752 2243 ponatu15
783 2157 819 2217 in
842 2155 1007 2243 ejusmodi
1028 2165 1110 2222 dero
1131 2153 1246 2243 opposi-

117 2314 120 2326 ,
175 2305 177 2317 ,
235 2249 350 2320 tione,
371 2239 455 2305 uth.
473 2239 493 2302 l.
517 2257 700 2322 numquam
720 2237 855 2324 legitur.
911 2239 1010 2318 Sola,
1037 2245 1067 2308 si
1087 2253 1246 2306 recteme·

227 2333 337 2404 mini,
350 2322 510 2392 ¹Corinna
524 2321 685 2393 Ovidium
701 2326 799 2402 visit,
817 2327 855 2388 in
869 2329 991 2391 ceteris
1006 2328 1160 2392 omnibus
1172 2321 1245 2398 loeis,

235 2415 348 2478 uenire
370 2408 547 2474 commode
566 2407 729 2496 explicari
758 2421 876 2496 potest,
902 2413 1084 2478 convenire.
1136 2408 1246 2476 iteum

236 2495 377 2562 distichi
404 2497 506 2562 verba
526 2493 626 2558 docte
645 2495 687 2556 ab
713 2493 957 2582 interpolatore
979 2499 1166 2584 composita
1183 2509 1244 2576 esse,

236 2601 360 2684 negare
380 2600 528 2664 nequeo,
563 2599 675 2663 neque
691 2591 805 2643 tamen
825 2579 1002 2645 celandum
1021 2593 1075 2648 est
1094 2592 1128 2647 et
1148 2579 1246 2644 amito

234 2689 254 2732 a
284 2665 456 2750 bcaligero
481 2675 578 2728 acute
605 2673 799 2727 correctum
824 2684 918 2744 esse,
953 2686 1032 2730 cum
1058 2671 1096 2734 iu
1118 2665 1245 2731 omnibns

130 2794 133 2800 ·
234 2741 333 2816 libris
349 2755 464 2836 inepte
487 2750 600 2814 amica
618 2745 766 2836 legatur,
800 2759 836 2813 et
853 2729 1151 2816 multum‘omnino
1162 2748 1244 2814 libros

46 2831 54 2844 '
234 2841 271 2902 in
286 2839 454 2924 scriptura
469 2837 617 2911 variare,
643 2843 683 2896 ut
696 2833 882 2898 Burmanni
896 2841 1148 2905 annotationem
1159 2833 1246 2919 inspi-
1261 2841 1263 2850 “

235 2925 339 2986 cienti
355 2922 492 3007 patebit,
515 2917 604 2984 Tota
615 2930 728 2982 autem
737 2923 901 2985 sententia
912 2917 1071 3008 languida
1084 2932 1118 2987 et
1129 2939 1147 2983 a
1157 2925 1245 2984 mente

192 3041 195 3050 =
234 3003 303 3069 Pro
329 3007 404 3068 ertii
417 3005 542 3068 mirum
561 3000 769 3092 abhorrens,
803 3001 961 3070 flebiliter
985 3003 1246 3092 puerilemquein

233 3026 374 3153 modum
391 3086 551 3170 offertum
579 3100 712 3166 contra,
741 3087 889 3154 disticho
903 3092 1028 3176 ejecto,
1059 3094 1143 3170 bene
1158 3088 1246 3152 omnia

62 3193 65 3204 ·
149 3183 155 3204 ⁸
219 3169 433 3326 ‘procedunt
475 3173 557 3238 Non
569 3177 685 3259 inepte
700 3174 819 3260 conjici
836 3186 961 3262 potest,
984 3174 1094 3255 illum,
1119 3171 1245 3259 quisquii

259 3279 300 3325 oc
313 3255 483 3323 distichon
497 3251 612 3338 finxit,
634 3261 672 3322 in
688 3261 801 3324 animo
815 3256 973 3332 habuisse
990 3261 1041 3340 11,
1067 3265 1124 3339 17,
1145 3263 1194 3324 12:

231 3394 234 3399 '
304 3378 396 3446 Quem
410 3377 495 3445 inodo
505 3376 611 3432 felicem
624 3377 726 3432 invidia
738 3379 886 3434 admirante
898 3381 1021 3436 serebant

278 3499 281 3504 .
301 3448 383 3502 Nunc
395 3447 502 3500 decium
516 3445 644 3500 admittor
655 3449 698 3502 vix
714 3467 764 3519 ego
778 3467 888 3520 quoque
899 3451 951 3504 die.
968 3462 972 3468 ’

232 3550 300 3616 Sed
321 3550 386 3631 iarn
410 3543 452 3608 ad
475 3543 613 3610 alteram
635 3543 759 3634 elegiae
783 3557 915 3636 partem
934 3550 1182 3640 properandum
1198 3555 1243 3611 est·

230 3634 334 3698 Poeta
351 3635 454 3718 igitur
466 3629 574 3720 vivide
628 3629 834 3717 oipctionem
857 3653 951 3698 suam
975 3637 1137 3703 describit
1148 3649 1244 3713 -neqne

230 3738 336 3802 usque
349 3716 391 3780 ad
404 3739 436 3784 v.
446 3715 497 3794 25.
512 3719 571 3799 qui
596 3735 697 3798 quam
710 3729 761 3780 est
773 3738 840 3801 quo
854 3715 1069 3800 haereamus,
1090 3724 1154 3787 nisi
1166 3741 1191 3784 v.
1205 3713 1242 3790 tt,

228 3808 345 3884 inquo
361 3792 436 3865 cuin
449 3815 536 3864 unus
548 3798 757 3866 Broukhusii
769 3801 854 3868 liber
867 3827 899 3892 p.
909 3813 1008 3894 traque
1019 3803 1242 3894 pastionatico

126 3916 129 3930 ι
164 3935 180 3976 ¹.
229 3899 328 3970 tuque
344 3885 518 3964 Iohanne,
553 3881 637 3951 haec
660 3886 886 3976 discrepantia
912 3905 1066 3957 nostram
1087 3891 1132 3956 de
1157 3885 1241 3974 elegia
1272 3931 1275 3980 t

228 3968 294 4032 hac
313 3967 639 4056 interpolationibus}
654 3986 813 4060 corrupta
835 3980 1061 4062 suspicionem
1090 3985 1182 4060 auget
1206 3965 1239 4033 cf·
1272 3983 1275 4030 i

53 4067 59 4086 ·
120 4137 122 4144 Ι
204 4053 411 4156 ‘Burmanni
424 4053 466 4118 ad
479 4052 544 4136 111,
567 4055 674 4142 tau,
684 4062 944 4129 annotationem
1001 4063 1086 4132 lnv.
1100 4049 1239 4148 ignatii
