2638 4698
214 363 400 412 XK-,.

202 519 329 596 ,omnia
357 513 444 596 tere,
480 517 565 600 quae
592 519 669 602 post
687 500 916 580 Passer-aridai
941 511 982 580 ad
1000 517 1308 604 ,interpretatio-f

189 671 191 682 ,
217 609 298 670 nemv
308 601 414 686 allata
425 612 523 678 sunt,
552 614 596 663 ex
612 601 683 684 ejus
698 592 948 666 commentariis
960 597 1060 666 ducta
1074 619 1147 667 esse
1161 601 1276 690 pate-.

217 693 277 755 uit.
328 687 398 772 Qui
418 689 564 750 maxime
587 684 822 752 memorabiles
846 693 926 748 su'nt
945 687 1035 751 inter
1061 698 1151 752 retes
1167 684 1276 750 inter‘

218 772 440 852 Passeratium
463 778 497 836 e't
519 767 772 839 Broukhusium
790 771 1002 849 intermedii,
1032 707 1140 836 lanus
1163 767 1277 837 G'eo-
1308 797 1318 810 ν

200 859 343 926 nardus
366 870 399 923 et
419 857 570 920 mannes
585 853 776 943 Livineius,
807 867 849 920 ex
868 859 914 919 iis*
931 855 1006 935 ille,
1035 855 1308 944 diligenti'ssi—-.

219 953 294 1010 rrius
320 948 390 1020 vir,
425 940 594 1006 Palatinos
621 937 726 1006 libros
756 954 790 1004 et
813 939 1086 1006 Cornelinianum
1108 940 1277 1006 codicem

158 1047 185 1110 ἢ
220 1031 374 1096 accurate
397 1023 559 1099 contulit,
589 1021 720 1090 Graeca
739 1021 957 1090 cum'Latino
981 1039 1082 1114 poeta
1102 1046 1171 1090 non
1188 1023 1278 1088 siit'e'

220 1115 337 1193 fructu
359 1113 571 1199 composuit,
594 1111 631 1172 in
653 1108 825 1176 divinandi
844 1119 915 1175 arte
933 1127 1053 1199 parum
1069 1099 1277 1204 proficiens,¹
1310 1167 1313 1172 i

219 1197 296 1278 hio,
334 1195 572 1282 elegantissimi
593 1196 811 1280 vir'lingenii,
844 1193 949 1258 multa
970 1193 1047 1284 apte
1067 1193 1276 1284 explicavit,

246 1285 317 1348 lura
343 1293 440 1346 acute
465 1279 673 1355 emendavit,
706 1283 753 1342 ita
774 1289 813 1342 ut
834 1279 905 1345 e‘us
926 1283 1163 1345 annotationes
1186 1279 1278 1344 cuin'

221 1309 338 1448 lruetu
364 1379 399 1432 et
415 1363 588 1452 voluptate
610 1361 776 1450 legantur.
859 1375 875 1427 t
894 1363 1076 1430 ridiculum
1095 1363 1279 1454 Propertii

222 1460 258 1521 in
279 1465 382 1518 usum
395 1448 557 1538 Delphini
579 1446 742 1512 editorem
757 1458 943 1527 transeam,
971 1455 1290 1540 gravissimussem

108 1539 113 1545 ’
220 1547 321 1604 cutus
346 1545 397 1601 est
421 1536 531 1600 editor
547 1535 654 1598 Jauus
676 1531 933 1612 Broulthusius,
959 1535 1150 1624 ingeniosus
1166 1545 1277 1623 poeta

223 1623 261 1688 ut
276 1643 355 1690 vere
377 1620 419 1685 de
440 1643 480 1685 eo
496 1615 723 1684 Ruhnkenius
744 1620 826 1683 dicit
841 1621 877 1682 in
888 1624 1057 1690 oratione-
1068 1621 1109 1686 de
1124 1621 1277 1685 doctore

51 1747 78 1756 -·
154 1787 156 1792 Ι
223 1707 429 1781 umbratico,
465 1709 539 1790 qui,
567 1723 768 1789 quamquam
791 1704 826 1768 in
848 1703 1065 1769 conferendis
1084 1703 1179 1770 libris
1204 1717 1277 1768 me.

224 1805 259 1859 et
272 1794 444 1878 impressis
460 1794 571 1852 minus
586 1803 778 1867 accuratus,
800 1793 1023 1881 interpretem
1037 1795 1105 1875 egit
1117 1790 1278 1858 vividum

148 1945 152 1950 ,
194 1874 198 1878 ’
223 1889 263 1944 εἴ»
281 1895 300 1939 a
320 1875 446 1962 vulgari
465 1875 568 1938 modo
587 1873 742 1938 alienum.
794 1874 968 1938 Interdum
985 1880 1086 1939 etiam·
1105 1875 1148 1940 ad
1160 1875 1279 1940 uenia·

223 1956 370 2028 leianum
395 1958 641 2046 interpretandi
668 1979 773 2044 genus
798 1962 941 2047 aspirat,
973 1957 1055 2025 licet
1073 1959 1198 2044 alioqui
1219 1956 1279 2022 illi

145 2087 148 2092 ·
224 2052 296 2114 viro
310 2049 346 2112 in
358 2044 528 2128 judicandi
541 2041 727 2122 subtilitate
740 2048 859 2131 impar.
903 2043 987 2109 Post
1002 2045 1279 2126 Passeratianam

115 2131 125 2154 “
225 2131 425 2206 editionem,
449 2207 451 2212 Ι
471 2148 571 2210 quam
607 2123 793 2218 paullisper·
819 2129 1070 2194 recisam-doh.
1096 2131 1276 2194 Antonius

225 2203 372 2303 'Vulpius
394 2216 552 2300 repetivit
575 2217 712 2296 suisque
742 2217 835 2276 auxit
863 2215 1172 2292 observationibus,
1205 2233 1278 2301 pa·
1312 2257 1315 2264 -

114 2313 119 2320 ·
225 2322 303 2363 rum
327 2300 432 2361 bonae
459 2295 567 2383 frugis
593 2301 850 2386 praebentibus,
883 2298 982 2386 longe
1002 2303 1276 2366 instructissima

167 2411 168 2416 ¹
229 2405 258 2448 a·
276 2386 393 2458 critico
422 2394 583 2470 apparatu
611 2392 645 2446 et
672 2381 782 2469 ampla
810 2382 1001 2450 eruditione
1022 2387 1151 2475 prodiit
1174 2385 1277 2450 Petri

134 2471 139 2480 ’
225 2469 411 2534 Burmanni
434 2470 539 2532 editio
565 2465 792 2532 aliaurentio
811 2469 973 2536 Santenio
996 2470 1158 2536 absoluta.
1206 2467 1277 2533 Est

226 2553 308 2618 haec
332 2551 492 2618 horreum
515 2550 685 2636 quoddam
706 2553 979 2623 emendationum
1001 2557 1050 2620 ab
1065 2555 1139 2621 aliis
1158 2553 1277 2620 facta·

229 2661 318 2703 runa·
361 2639 436 2701 Non
446 2635 562 2720 focile
580 2639 836 2723 explicationem
858 2653 918 2704 ont
934 2639 1193 2706 enuntiationem
1212 2645 1277 2704 in-

226 2726 349 2803 venies,
381 2743 421 2786 cu
432 2721 476 2785 ‘us
486 2722 705 2788 Burmannus
722 2745 788 2787 non
813 2725 1018 2788 ntenrinerit.¹
1057 2727 1171 2790 Verba
1188 2735 1276 2790 sunt

228 2811 346 2894 optimi
364 2745 484 2892 judicis
512 2810 632 2895 ‘ipsius
648 2807 818 2883 Santonii,
841 2812 875 2870 iu
893 2807 1039 2874 ineditis.
1079 2809 1277 2898 Diligenter
1316 2809 1318 2814 ’

146 2927 150 2934 =
200 2891 498 2968 ,eorum'erudito
541 2913 572 2952 rn
594 2889 668 2954 loca
687 2891 729 2953 ad
744 2891 958 2978 Propertium
975 2899 1164 2981 spectantia
1176 2899 1276 2960 attu-
1317 2931 1318 2934 =

229 2979 286 3053 lit,
311 2997 459 3060 quorum
476 2973 603 3062 scripta
617 2979 652 3038 in
667 2974 808 3056 Gruteri
825 2975 909 3042 Face
927 2977 1061 3043 Artium
1076 2978 1276 3044 liberalium

229 3061 436 3144 conjunctim
451 3059 542 3127 edita¹
557 3074 654 3137 sunt,
683 3080 783 3144 quam
797 3063 840 3125 ob
858 3083 930 3127 rem
945 3064 999 3136 vel
1014 3062 1192 3136 oculorum
1203 3087 1277 3129 no-
1317 3101 1318 3104 ¹

152 3170 170 3220 '.
229 3147 378 3212 strorum
399 3163 498 3210 causa
521 3143 637 3208 laetari
656 3151 848 3233 possumus.
893 3147 996 3231 Quod
1016 3163 1128 3216 autem
1149 3153 1277 3216 attinet

229 3231 271 3294 ad
290 3233 396 3317 ipsios
412 3228 593 3291 Burmanni
617 3233 741 3306 crisin,
772 3251 810 3296 ea
830 3253 898 3295 non
915 3238 1025 3320 magni
1039 3243 1094 3299 ‚est
1107 3239 1277 3299 momenti

215 3313 264 3380 :et
276 3313 368 3398 quod
376 3310 599 3378 Ruhnkenius
616 3315 658 3379 de
668 3315 862 3380 Burmanno
877 3317 1002 3401 majore
1015 3319 1094 3383 tulit
1108 3319 1276 3403 judicium

140 3427 147 3438 ¹
229 3405 266 3464 in
281 3398 490 3486 praefatione
504 3397 546 3460 ad
560 3399 727 3465 Velle'um
739 3397 970 3480 Paterculum,
992 3403 1027 3466 id
1040 3404 1150 3470 multo
1165 3409 1274 3490 tnagis

105 3489 145 3521 “·
178 3540 181 3558 λ
228 3490 264 3547 in
280 3482 472 3549 Secundum
495 3482 593 3549 cadit.
641 3423 807 3574 lixempla
821 3485 950 3549 affatim
964 3485 1201 3554 Lachmannus
1218 3505 1277 3555 at-

228 3567 323 3648 tulit;
358 3587 421 3649 nos
443 3589 513 3632 uno
537 3566 778 3653 defungamur‚
814 3591 881 3654 quo
904 3571 1006 3638 simul
1033 3575 1119 3640 disci
1169 3585 1275 3661 otest,
1316 3615 1317 3618 =

229 3673 329 3736 quam
351 3664 446 3717 caute
473 3654 542 3734 ejus
569 3657 842 3720 annotationibus
866 3659 1028 3722 utendum
1044 3662 1098 3725 sit.
1143 3597 1274 3726 iuvts-
1303 3711 1316 3735 ,η

230 3740 333 3886 sirppp
348 3736 479 3802 Horatii
492 3735 622 3815 editor,
644 3735 805 3817 Jahnius,
828 3741 870 3804 ad
887 3747 1006 3808 notum
1019 3743 1116 3808 illum
1131 3749 1166 3808 in
1181 3745 1219 3808 A.
1238 3746 1273 3808 P.

228 3845 257 3888 v.
342 3845 352 3885 ε

837 3945 924 4001 delere
939 3927 1044 4016 jubebat

288 4009 321 4062 Et
335 4007 403 4062 male
416 4018 535 4062 tornatos
552 4011 643 4066 intendi
658 4011 768 4066 reddere
785 4033 884 4072 uersus.
1076 4022 1078 4026 ’

520 4108 529 4142 Ι
