2602 4694
250 383 326 462 aar
565 321 568 328 ¹
647 375 772 486 cnr.
824 317 941 447 ιιιω

255 570 312 636 uni
334 575 453 656 poeta,
480 583 523 628 ne
545 541 587 626 de
606 558 666 625 tali
680 563 849 646 cogitetur
864 571 982 635 nauta,
999 554 1111 706 pualis
1125 552 1186 618 ille
1209 531 1289 640 apud

255 653 370 718 Horat.
385 647 453 714 Sat.
468 647 495 725 l,
512 652 526 712 1
550 656 618 724 est,
641 646 792 710 attritam
807 665 942 708 manum
956 641 998 707 ad
1021 645 1067 719 it,
1097 639 1140 704 de
1158 655 1229 722 qua
1244 635 1289 702 lo·

258 740 395 802 cutione
414 733 584 817 lleynium
605 729 704 806 adeas
725 725 1004 806 attribuitur,
1025 728 1077 792 48.
1122 723 1226 787 Prior
1238 741 1290 786 au·

257 832 328 888 tem
346 820 444 904 hujus
465 815 600 881 distichi
612 834 690 904 pars
713 814 755 876 ad
767 812 979 878 ferocitatem
995 809 1142 876 militum
1154 823 1190 872 et
1203 813 1301 872 inso-

258 905 398 974 lentiam
417 913 563 992 speotat‚
588 901 630 966 de
650 916 721 983 qua'
751 898 855 964 uellae
871 899 989 964 crebro
1003 904 1196 982 queruntur
1210 913 1282 980 apn
1294 913 1298 938 ²

259 989 425 1065 Plautum,
445 982 700 1074 Alciphronem,
721 921 920 1062 liucianum
941 982 1035 1057 alios,
1052 999 1224 1066 quamque
1238 965 1291 1055 Ti·

148 1078 153 1096 '
258 1073 370 1141 bullus
390 1076 559 1161 vituperat
580 1069 605 1148 l,
619 1071 659 1132 10
680 1067 740 1132 si.
768 1127 782 1148 ,
796 1068 926 1134 Acerbe
954 1066 1157 1157 Propertius
1189 1058 1291 1128 illudit

261 1159 370 1226 eidem
384 1156 479 1222 lenae
503 1178 534 1222 v.
548 1154 588 1218 55
603 1164 637 1218 et
651 1153 707 1218 56:
1091 1203 1104 1212 ‚
1292 1173 1296 1182 =

331 1295 389 1366 Qui
402 1313 496 1352 tremus
509 1293 583 1347 Coae
594 1291 699 1351 dederit
713 1311 764 1348 nec
777 1310 890 1346 munera
903 1291 999 1349 neatis.

330 1365 406 1420 latin.
422 1365 470 1418 tibi
483 1364 516 1418 sit
532 1362 612 1416 surda
627 1362 685 1415 sine
698 1377 762 1414 arte
773 1361 839 1432 lyra.

160 1521 162 1526 ·
245 1486 498 1555 Lachmannus
515 1481 695 1548 nonnullos
712 1482 846 1547 codices
860 1478 1187 1565 Broukhusiumque
1206 1498 1294 1546 secu-⁴

264 1587 319 1640 tus
339 1593 417 1635 nere
436 1572 583 1658 scripsit.
625 1569 839 1632 Burmannus
855 1562 1145 1656 Marklandusque
1161 1579 1236 1628 arte
1251 1563 1293 1651 le3

264 1657 413 1744 gendum
439 1674 514 1720 esse
538 1657 624 1718 bene
648 1661 871 1729 censuerunt,
905 1671 1106 1735 quamquam
1127 1649 1258 1716 nullae

266 1733 370 1826 quam*
380 1738 438 1804 ille
454 1758 588 1804 causam
601 1738 694 1801 addit
707 1760 738 1824 p.
753 1740 816 1802 798
830 1749 863 1800 et
875 1759 907 1826 p.
916 1739 991 1814 800,
1011 1739 1090 1822 quia
1105 1757 1191 1800 mox
1204 1755 1271 1885 pra

266 1828 409 1890 cesserit
433 1823 531 1905 oera3v
573 1825 663 1906 quod
694 1825 834 1910 saepius.
854 1820 900 1884 fit.
953 1819 1019 1900 At,
1054 1824 1083 1884 si
1113 1841 1193 1884 cere
1227 1841 1287 1903 ep,

267 1912 386 1975 acerba
404 1913 515 1973 ironia
534 1907 665 1971 tollitur
682 1903 905 1992 languideque
924 1905 1036 1971 eradit
1056 1907 1237 1970 sententia.
1263 1906 1293 1959 »θ’

266 1993 367 2061 Ovid.
383 1994 495 2058 Amor.
514 1993 539 2072 l,
555 1997 586 2069 8,
602 1994 749 2056 59-62.
791 1990 969 2054 Praeterea
989 2001 1090 2078 poeta
1104 1993 1251 2077 ambigui
1269 2036 1288 2057 ι,

265 2091 336 2144 tem
351 2077 494 2142 fortasse
512 2077 676 2159 quandam
698 2079 830 2158 assequi
843 2073 969 2154 voluit,
1000 2097 1078 2139 cum
1093 2097 1152 2139 ors
1191 2097 1255 2164 rop
1267 2091 1273 2139 ζ

266 2165 430 2227 astuticio
455 2162 638 2224 meretricio
669 2163 713 2223 sit
740 2180 769 2224 v.
786 2157 924 2222 ltuhnk.
951 2159 1075 2224 dictata
1100 2163 1136 2223 in
1165 2099 1285 2225 lere

103 2253 107 2260 ’
192 2271 195 2284 ·
266 2269 300 2335 p.
318 2247 387 2312 155.
427 2245 552 2330 Igitur,
572 2242 732 2320 utadid,
756 2237 1160 2331 equoprofec‘tisumus,
1185 2245 1256 2311 red

163 2547 166 2560 ι
267 2503 371 2566 etiam
388 2501 647 2584 unumquemvis
667 2510 777 2562 terrae
799 2494 919 2577 filium,
947 2501 983 2563 in
996 2498 1101 2564 altero
1114 2521 1194 2568 vero
1209 2518 1288 2587 puras

268 2334 404 2408 mus,'in
417 2327 638 2418 primo‘illius
653 2325 790 2392 distichi
803 2348 903 2394 versu
920 2328 1130 2419 Propertius,
1145 2351 1218 2393 non
1230 2341 1283 2392 ta·

268 2427 342 2480 tum
358 2418 554 2499 ingeniosos
572 2425 606 2478 et
624 2411 772 2478 celebres
785 2416 928 2477 mercari
940 2434 1042 2500 posse
1057 2435 1225 2493 arnonem,
1268 2434 1278 2471 »ῑ

269 2583 337 2650 lam
365 2603 435 2648 non
463 2587 608 2648 carmine
636 2579 743 2650 aliove
764 2579 911 2648 honesto
933 2583 1043 2663 dono,
1071 2585 1132 2649 sed
1152 2588 1264 2672 turp'

262 2667 440 2742 'illecebris
465 2671 541 2755 capi
561 2672 728 2752 queritur,
758 2685 842 2751 quae
867 2669 1005 2754 evulgo
1035 2670 1225 2735 amantibus
1249 2698 1264 2721 ι

271 2755 405 2818 bantur.
434 2751 610 2830 v.1,2,23:
640 2753 716 2816 Non
735 2752 802 2816 illis
821 2751 967 2832 studium
992 2753 1093 2843 uulgo
1119 2775 1225 2840 conqu
1260 2756 1288 2801 Γ

271 2839 430 2904 amantia.
749 2837 751 2842 ’

356 2917 638 3008 OptimeLachm.
652 2925 689 2984 in
706 2923 825 3007 primis
841 2917 882 2984 el.
897 2919 956 2984 lll.
978 2920 1227 2990 1.111versibus
1253 2954 1255 2961 ·
1286 2986 1288 2989 ,

234 3080 239 3095 .
272 3017 381 3071 terem
401 3009 553 3072 restituit
573 3011 773 3094 scripturam
799 3007 984 3090 ingeniosis
1009 3007 1210 3090 conjecturis
1235 3036 1267 3061 vu

273 3100 419 3176 ruptam.
459 3091 512 3156 Ad
527 3112 557 3158 v.
573 3093 592 3156 5
608 3089 800 3177 exemplum
815 3109 868 3177 ap.
885 3089 959 3156 Tib.
974 3091 1001 3168 Ι,
1017 3095 1048 3168 9,
1063 3085 1270 3180 4·inter·pun'

227 3237 235 3246 '
291 3269 294 3275 ι
340 3226 421 3298 Sera,
440 3203 530 3282 umen
548 3227 635 3282 tacitis
654 3227 746 3281 Poena
772 3227 847 3280 venit
866 3227 988 3299 pedibus.

271 3348 554 3440 quemadmodum
590 3346 728 3414 Lachm.
757 3348 842 3412 bene
868 3347 1024 3412 distinxit
1047 3349 1234 3427 111,15,35.
1258 3291 1274 3307 Γ

272 3439 364 3524 Virg.
380 3431 451 3501 Ecl.
467 3433 494 3513 l,
507 3437 557 3498 28.
600 3432 718 3498 Restat
730 3446 769 3498 ut
783 3431 975 3520 explicetur
988 3455 1019 3500 ιι.
1035 3439 1056 3498 7
1062 3455 1070 3495 ι
1094 3495 1099 3507 ,

343 3576 398 3634 lte,
418 3536 502 3654 agile,
520 3583 639 3642 expertae
660 3573 732 3625 bello
760 3572 821 3624 date
842 3573 928 3627 lentea
949 3570 1046 3644 prorae
1099 3563 1110 3648 Ἰ

342 3642 377 3697 Ε1
395 3643 506 3696 solitum
525 3640 650 3710 armigeri
670 3641 759 3694 ducite
778 3658 881 3692 munus
903 3641 974 3712 equi.

344 3709 445 3765 Omnia
464 3711 550 3764 fausta
570 3727 652 3764 cano:
686 3709 800 3763 Crassos
819 3710 961 3781 cladesque
982 3709 1059 3782 piate,

342 3781 383 3834 lte
400 3792 426 3833 et
441 3778 583 3832 Romanae
606 3777 736 3832 consulite
756 3775 893 3831 historiae.

181 3913 195 3930 ⁸
233 3891 235 3896 ’
275 3901 368 3986 Quid
381 3900 414 3967 h.
429 3900 451 3966 l.
468 3902 587 3966 duom
601 3869 797 3974 munussit,
818 3895 940 3964 Critici
962 3893 1023 3963 aut
1040 3904 1127 3966 scire
1148 3921 1222 3966 nea
1271 3933 1274 3951 ·

274 3983 461 4075 autiuepte
481 3984 700 4075 explicarunt.
753 3983 877 4048 Munus
896 3995 1008 4050 autem
1056 3991 1166 4074 roprie
1183 3923 1243 4050 dici
1276 4016 1291 4051 u

275 4071 319 4138 dc
332 4067 444 4136 officio
459 4069 614 4148 militari,
628 4075 673 4151 'ut
688 4067 801 4134 Julius
813 4080 966 4138 testatur.
973 4006 1096 4140 Pardus
1110 4070 1130 4138 l
1149 4074 1184 4138 18
1196 4075 1241 4134 tit.
