2638 4698
1017 377 1075 430 ΧΥ

49 535 127 618 pili
139 533 463 622 mingentem.
503 533 620 608 Simile
636 534 716 620 quid
727 533 885 605 sinamus
901 538 994 616 tecit,
1014 543 1075 626 qui

48 621 148 684 lirum
177 639 280 684 suum
311 614 425 708 Γοργώ
451 625 625 708 inscripsit
657 643 686 686 v.
713 619 863 686 Brunclt.
890 621 1000 690 Lectt.
1029 623 1074 690 ad

45 703 120 767 luel.
158 753 165 765 .
184 710 227 768 39
251 719 284 768 et
299 709 354 770 cui
374 726 441 768 nou
460 703 655 774 Mimnermi
673 701 790 784 Νᾳννώ
804 707 918 774 dieta?
955 707 1075 794 Quid?

45 789 116 872 quod
134 727 260 854 1detulli
277 794 376 854 etium
392 789 516 854 librum
534 794 680 877 passeris
701 795 838 854 nomine
867 796 1072 882 insignatum

43 893 116 950 esse,
138 873 324 958 aliquando
338 879 571 940 somniatum·
599 865 665 940 Sed
679 891 808 942 veteres
825 887 941 964 poetas
959 877 1022 944 hac
1035 884 1071 942 iu

40 981 65 1024 re
81 963 371 1046 ingeniosissimus
389 961 496 1024 Janus
512 961 686 1026 Secundus
702 975 838 1028 secutus
852 979 921 1039 est,
945 965 989 1030 tle
1002 964 1085 1048 qno*
1181 975 1183 980 '
1220 1053 1225 1066 ἢ

39 1048 74 1106 sir
91 1041 167 1108 Joh.
185 1043 399 1110 Schraderus
418 1049 451 1110 in
464 1051 613 1112 cerurine
628 1047 770 1112 editioni
789 1045 948 1114 Lotichn.
976 1049 1070 1114 Bur-

37 1133 220 1194 mannianae
234 1134 436 1218 praemisso:

5 1265 7 1304 t
92 1251 120 1303 Si
142 1252 241 1305 Venus
254 1251 464 1308 heredemhsio
480 1253 553 1306 dedit
567 1252 635 1306 elma
648 1251 766 1309 Philone

5 1319 6 1360 ἕ
119 1318 278 1389 Citiusabi
318 1321 379 1376 eu'w
396 1321 521 1389 Cynthia
539 1323 748 1376 nonreulmbett

5 1425 7 1458 p
86 1388 158 1442 Diva
170 1389 248 1442 dedii
260 1390 296 1442 du
309 1387 384 1450 cem,
423 1409 482 1442 uem
498 1390 697 1464 protuliillugn
712 1389 879 1455 Secundum,

5 1491 7 1516 ;
119 1456 209 1528 Cujus
225 1460 259 1512 al>
274 1459 383 1530 ingenio
398 1407 480 1536 λᾶι,
493 1477 592 1512 nomen
606 1459 693 1515 habet.

29 1600 154 1665 decedit
171 1601 249 1664 sine
265 1600 369 1662 dubio
385 1597 425 1662 ad
443 1617 521 1675 eos,
558 1616 644 1682 quos
662 1599 815 1664 Aurelius
834 1605 986 1668 imitatus
1004 1615 1068 1684 esi,

28 1685 222 1774 Euphorion
243 1683 494 1760 Chalcidensis,
516 1693 604 1748 teste
617 1682 782 1749 Diomede
797 1685 820 1750 l.
835 1686 880 1749 lll
897 1709 925 1752 e.
941 1694 977 1767 θ’,
1008 1696 1068 1775 qul
1160 1735 1164 1748 .

28 1772 107 1834 locus
121 1789 142 1832 a
155 1773 370 1834 testimoniis
386 1773 419 1834 in
446 1768 595 1832 editione
612 1767 822 1836 Broultlrusii
841 1771 949 1836 abest:
970 1773 1069 1850 oenc

24 1877 117 1944 genus
132 1851 481 1941 carminisffllegiam)
484 1853 671 2000 praecipue
683 1861 885 1940 scripserunt
893 1878 916 1920 n
995 1857 1069 1924 ito-

26 1963 126 2004 ncnos
142 1939 340 2021 Propertius
352 1952 381 2002 et
399 1935 483 2002 Tidu
497 1939 548 2002 lus
554 1985 565 2018 ,
602 1939 724 2002 imitati
741 1941 885 2005 Graecos
926 1945 1068 2008 ailim-

24 2023 423 2110 cltumetEuphorionem.
471 2021 516 2088 Et
532 2041 733 2110 quamquam
749 2025 878 2108 eirejus
893 2025 1067 2114 fragmen-
1259 2087 1263 2094 .

24 2117 58 2175 tis
71 2107 243 2174 nihil'hac
260 2108 301 2173 de
315 2129 352 2171 re.
366 2103 478 2194 colligi
493 2119 628 2196 potest,
649 2111 761 2173 omnia
772 2119 886 2174 tamen
902 2133 957 2194 ea,
979 2131 1067 2198 quae
1087 2127 1092 2134 '
1177 2175 1183 2188 ,

24 2195 56 2260 de
68 2195 118 2258 Eu
140 2191 308 2257 ‘horion'is
325 2196 531 2260 obscuritate
545 2194 716 2280 praeclare
738 2194 875 2260 disserit
890 2197 1067 2284 Augustus
1099 2256 1103 2264 ,

22 2281 125 2345 Meine
155 2284 214 2344 ius
239 2282 274 2340 in
290 2278 379 2348 libro
395 2278 437 2342 de
454 2279 524 2362 ejus
537 2281 604 2344 vita
620 2289 653 2344 et
668 2284 805 2428 scriptis
826 2301 859 2369 p.
876 2285 938 2366 Ι42,
972 2295 1066 2348 tum*

22 2387 110 2450 quam
124 2366 170 2430 de
189 2365 371 2450 Propertio
385 2364 476 2428 dicta
491 2375 582 2429 sunt.
636 2365 681 2428 Et
701 2363 840 2444 velem,
871 2379 1006 2437 tantum
1022 2369 1094 2442 dc,

21 2449 208 2515 Philoctete
225 2450 371 2526 mrm'en,
391 2451 486 2532 cujus
499 2447 725 2536 fragnrtentum
741 2451 907 2516 Stobaeus
919 2458 1065 2521 servavit

21 2532 1067 2620 Tit.LXllled.Geso.etquodapudMeinekiumXXXVlnu-

18 2632 179 2697 meretur,
198 2621 260 2706 (ex
271 2622 365 2702 cujus
380 2619 480 2683 dictis
496 2621 620 2704 corrigi
633 2633 776 2705 possunt
786 2639 872 2704 quae
889 2623 931 2690 de
943 2621 1065 2690 Philo-

16 2719 120 2772 ctetae
138 2708 283 2770 nomine
297 2707 334 2767 in
349 2701 587 2769 Gaisfordiana
603 2705 742 2768 Stobaei
756 2705 905 2770 editione
919 2721 1064 2772 annota-

16 2801 44 2854 ta
65 2793 164 2876 sunt)
194 2793 368 2875 integrum
385 2801 530 2870 extaret3
566 2793 638 2853 sine
659 2789 765 2852 dnbio
786 2789 892 2856 multa
915 2815 959 2857 ex
971 2813 1013 2858 eo
1025 2797 1063 2858 iu

14 2880 160 2941 obscura
187 2874 423 2960 Propertiide
448 2873 542 2938 Paeti
563 2873 738 2962 naufragio
760 2871 868 2956 elegia
892 2876 952 2954 lll,
972 2881 993 2942 6
1017 2877 1064 2963 (ὁ)

12 2959 175 3027 illustrari
194 2973 343 3046 possent.
402 2958 520 3042 Neque
539 2969 652 3024 tamen
672 2973 741 3024 tam
763 2943 887 3026 stultus
910 2967 1064 3029 imitator

12 3047 72 3110 fuit
88 3047 317 3134 Propertius,
341 3055 380 3108 ut
393 3047 504 3108 omnia
519 3048 592 3129 sine
608 3043 735 3110 dilectu
751 3048 784 3108 in
801 3064 902 3120 suum
916 3049 1064 3114 conier-

11 3143 95 3196 teret
108 3153 226 3204 usum,
249 3129 309 3194 sed
327 3128 379 3194 vel
392 3131 579 3212 exquisitas
592 3147 648 3194 res
662 3123 906 3220 mythologicas
920 3137 1063 3224 recepit,

10 3231 43 3280 ut
59 3218 355 3281 Hermesianactis
374 3214 416 3278 de
431 3215 571 3278 Homeri
586 3235 662 3298 erga
673 3213 862 3304 Penelopen
877 3237 992 3282 amore
1005 3217 1062 3283 fa«

10 3301 124 3365 bolam
140 3301 189 3377 ll,
206 3303 265 3374 54,
279 3299 338 3376 45,
372 3301 426 3366 vel
447 3303 547 3364 etiam
563 3301 712 3364 breviter
733 3301 774 3364 ab
788 3301 863 3366 aliis
877 3303 969 3367 dicta
979 3301 1062 3368 lon-

6 3391 78 3472 gius
94 3389 325 3474 persequitur.
368 3387 424 3450 Sic
438 3383 729 3448 Hermesianaetea
743 3385 785 3450 de
802 3388 944 3452 'l'ertaro
959 3384 1063 3453 ἀπει-

6 3468 73 3536 θέα
89 3474 210 3564 χῶρον
231 3469 384 3557 pluribus
402 3472 560 3558 exprimit
587 3467 646 3547 lV,
674 3474 731 3547 11,
766 3470 889 3557 elegia,
916 3495 962 3536 ex
995 3490 1062 3556 qua

7 3569 129 3620 contra
157 3567 342 3640 sequentes
364 3568 484 3642 poetae
502 3556 655 3618 nemetim
678 3551 877 3632 hauserunt,
913 3569 947 3622 et
968 3558 1062 3641 ejus»

5 3643 81 3706 dem
98 3639 222 3725 κοινὴν
234 3630 374 3712 ἄκατον,
411 3651 450 3704 ut
461 3642 589 3726 optime
604 3637 829 3706 Ruhnkenius
845 3641 979 3708 videtur
995 3664 1060 3730 pro

3 3723 113 3814 ἀκόην
128 3730 199 3790 seri
227 3729 329 3802 sisse,
351 3747 393 3792 ex
419 3729 491 3789 onit
505 3723 551 3786 lll
568 3721 607 3786 el.
626 3729 665 3787 17
677 3748 707 3790 v.
726 3729 769 3788 20
784 3745 858 3812 sqq.
906 3727 982 3792 Alia
994 3747 1060 3816 pa·

5 3817 92 3877 riter
116 3835 163 3877 ex
219 3809 356 3887 esiodo,
388 3749 571 3898 dpollonio
592 3802 746 3886 Rhodio,
777 3809 850 3877 aliis
881 3817 1057 3904 expressit.
1082 3828 1087 3837 ‘

2 3897 123 3984 Aeque
139 3895 289 3961 callidus
301 3899 452 3960 imitator
459 3895 586 3959 Statius
599 3893 664 3956 fuit
678 3895 720 3981 (v.
729 3893 901 3960 Henkium
915 3903 950 3962 in
960 3897 1058 3962 Han-

2 3982 45 4044 dii
62 3981 182 4069 praef.
199 4004 232 4067 p.
242 3979 334 4063 itu)
348 3984 442 4064 cujus
455 3983 638 4048 carminum
651 3977 753 4043 lectio
768 3981 911 4046 multum
925 3987 962 4047 in
970 3982 1060 4048 Pro-

2 4073 117 4154 pertio
134 4066 347 4136 illustrando
363 4067 541 4155 prodest·
583 4063 668 4127 Nam
688 4073 886 4153 praesertim
904 4072 939 4132 in
953 4069 1060 4134 auda·
1159 4142 1163 4150 Ι
