<?xml version="1.0" encoding="UTF-8"?>
<!DOCTYPE html PUBLIC "-//W3C//DTD XHTML 1.0 Transitional//EN"
    "http://www.w3.org/TR/xhtml1/DTD/xhtml1-transitional.dtd">
<html xmlns="http://www.w3.org/1999/xhtml" xml:lang="en" lang="en">
 <head>
  <title>
</title>
<meta http-equiv="Content-Type" content="text/html;charset=utf-8" />
  <meta name='ocr-system' content='tesseract 3.04.00' />
  <meta name='ocr-capabilities' content='ocr_page ocr_carea ocr_par ocr_line ocrx_word'/>
</head>
<body>
  <div class='ocr_page' id='page_1' title='image "./carminacumpotio00propgoog_0011.png"; bbox 0 0 2638 4698; ppageno 0'>
   <div class='ocr_carea' id='block_1_1' title="bbox 14 1139 1283 1252">
    <p class='ocr_par' dir='ltr' id='par_1_1' title="bbox 14 1139 1283 1252">
     <span class='ocr_line' id='line_1_1' title="bbox 14 1139 1283 1252; baseline 0.006 -28"><span class='ocrx_word' id='word_1_1' title='bbox 14 1203 16 1248; x_wconf 75' lang='lat'>1</span> <span class='ocrx_word' id='word_1_2' title='bbox 61 1151 354 1250; x_wconf 84' lang='lat' dir='ltr'>excitataignord,</span> <span class='ocrx_word' id='word_1_3' title='bbox 392 1163 912 1252; x_wconf 83' lang='lat' dir='ltr'>nampraefationem·ed1t.B.a</span> <span class='ocrx_word' id='word_1_4' title='bbox 935 1165 1099 1230; x_wconf 77' lang='lat' dir='ltr'>Sentenio</span> <span class='ocrx_word' id='word_1_5' title='bbox 1139 1193 1167 1232; x_wconf 90' lang='lat'>.·</span> <span class='ocrx_word' id='word_1_6' title='bbox 1264 1139 1283 1188; x_wconf 41' lang='lat'>¹&#39;</span> 
     </span>
    </p>
   </div>
   <div class='ocr_carea' id='block_1_2' title="bbox 966 327 1106 372">
    <p class='ocr_par' dir='ltr' id='par_1_2' title="bbox 966 327 1106 372">
     <span class='ocr_line' id='line_1_2' title="bbox 966 327 1106 372; baseline 0.014 -2"><span class='ocrx_word' id='word_1_7' title='bbox 966 328 969 342; x_wconf 92' lang='lat'>&#39;</span> <span class='ocrx_word' id='word_1_8' title='bbox 1048 327 1106 372; x_wconf 81' lang='lat' dir='ltr'>vlt</span> 
     </span>
    </p>
   </div>
   <div class='ocr_carea' id='block_1_3' title="bbox 129 445 1195 583">
    <p class='ocr_par' dir='ltr' id='par_1_3' title="bbox 129 445 1195 583">
     <span class='ocr_line' id='line_1_3' title="bbox 129 445 1195 583; baseline 0.009 -40"><span class='ocrx_word' id='word_1_9' title='bbox 129 445 197 546; x_wconf 71' lang='lat' dir='ltr'>&#39;Ne</span> <span class='ocrx_word' id='word_1_10' title='bbox 210 473 255 546; x_wconf 90' lang='lat' dir='ltr'>de</span> <span class='ocrx_word' id='word_1_11' title='bbox 268 485 337 549; x_wconf 88' lang='lat' dir='ltr'>vita</span> <span class='ocrx_word' id='word_1_12' title='bbox 352 492 386 546; x_wconf 86' lang='lat' dir='ltr'>et</span> <span class='ocrx_word' id='word_1_13' title='bbox 399 491 571 583; x_wconf 78' lang='lat' dir='ltr'>tempore,</span> <span class='ocrx_word' id='word_1_14' title='bbox 594 480 662 568; x_wconf 82' lang='lat' dir='ltr'>quo</span> <span class='ocrx_word' id='word_1_15' title='bbox 677 481 876 572; x_wconf 79' lang='lat' dir='ltr'><strong>Propertius</strong></span> <span class='ocrx_word' id='word_1_16' title='bbox 891 503 972 550; x_wconf 85' lang='lat' dir='ltr'>suos</span> <span class='ocrx_word' id='word_1_17' title='bbox 987 487 1107 552; x_wconf 87' lang='lat' dir='ltr'>edide-</span> <span class='ocrx_word' id='word_1_18' title='bbox 1184 465 1195 490; x_wconf 70' lang='lat'><em>⁰</em></span> 
     </span>
    </p>
   </div>
   <div class='ocr_carea' id='block_1_4' title="bbox 22 565 1142 657">
    <p class='ocr_par' dir='ltr' id='par_1_4' title="bbox 22 565 1142 657">
     <span class='ocr_line' id='line_1_4' title="bbox 22 565 1142 657; baseline 0.011 -28"><span class='ocrx_word' id='word_1_19' title='bbox 22 587 23 590; x_wconf 44' lang='lat'>¹</span> <span class='ocrx_word' id='word_1_20' title='bbox 71 571 107 630; x_wconf 90' lang='lat' dir='ltr'>rit</span> <span class='ocrx_word' id='word_1_21' title='bbox 123 565 248 644; x_wconf 89' lang='lat' dir='ltr'>libros,</span> <span class='ocrx_word' id='word_1_22' title='bbox 270 566 427 654; x_wconf 89' lang='lat' dir='ltr'>pluribus</span> <span class='ocrx_word' id='word_1_23' title='bbox 442 567 630 656; x_wconf 81' lang='lat' dir='ltr'>disputem,</span> <span class='ocrx_word' id='word_1_24' title='bbox 661 572 765 632; x_wconf 89' lang='lat' dir='ltr'>nimia</span> <span class='ocrx_word' id='word_1_25' title='bbox 781 572 1011 650; x_wconf 80' lang='lat' dir='ltr'>incertitudo,</span> <span class='ocrx_word' id='word_1_26' title='bbox 1040 593 1106 657; x_wconf 81' lang='lat' dir='ltr'>qua</span> <span class='ocrx_word' id='word_1_27' title='bbox 1139 636 1142 645; x_wconf 80' lang='grc'>,</span> 
     </span>
    </p>
   </div>
   <div class='ocr_carea' id='block_1_5' title="bbox 61 650 1106 1182">
    <p class='ocr_par' dir='ltr' id='par_1_5' title="bbox 61 650 1106 1182">
     <span class='ocr_line' id='line_1_5' title="bbox 70 650 1103 746; baseline 0.006 -30"><span class='ocrx_word' id='word_1_28' title='bbox 70 652 116 716; x_wconf 82' lang='lat' dir='ltr'>alii</span> <span class='ocrx_word' id='word_1_29' title='bbox 134 674 268 718; x_wconf 88' lang='lat' dir='ltr'>meeum</span> <span class='ocrx_word' id='word_1_30' title='bbox 288 650 354 716; x_wconf 89' lang='lat' dir='ltr'>bac</span> <span class='ocrx_word' id='word_1_31' title='bbox 371 657 406 716; x_wconf 91' lang='lat' dir='ltr'>in</span> <span class='ocrx_word' id='word_1_32' title='bbox 421 673 459 718; x_wconf 87' lang='lat' dir='ltr'>re</span> <span class='ocrx_word' id='word_1_33' title='bbox 473 666 664 730; x_wconf 84' lang='lat' dir='ltr'>versantur,</span> <span class='ocrx_word' id='word_1_34' title='bbox 685 652 855 742; x_wconf 85' lang='lat' dir='ltr'>probibet.</span> <span class='ocrx_word' id='word_1_35' title='bbox 897 655 985 724; x_wconf 80' lang='lat' dir='ltr'>Nam</span> <span class='ocrx_word' id='word_1_36' title='bbox 997 677 1103 746; x_wconf 80' lang='lat' dir='ltr'>pauca</span> 
     </span>
     <span class='ocr_line' id='line_1_6' title="bbox 68 737 1106 824; baseline 0.01 -24"><span class='ocrx_word' id='word_1_37' title='bbox 68 748 153 814; x_wconf 77' lang='lat' dir='ltr'>sant,</span> <span class='ocrx_word' id='word_1_38' title='bbox 193 758 280 820; x_wconf 88' lang='lat' dir='ltr'>quae</span> <span class='ocrx_word' id='word_1_39' title='bbox 303 761 347 802; x_wconf 85' lang='lat' dir='ltr'>ex</span> <span class='ocrx_word' id='word_1_40' title='bbox 365 741 449 824; x_wconf 82' lang='lat' dir='ltr'>ipsis</span> <span class='ocrx_word' id='word_1_41' title='bbox 470 743 674 804; x_wconf 83' lang='lat' dir='ltr'>carminibus</span> <span class='ocrx_word' id='word_1_42' title='bbox 699 740 740 802; x_wconf 89' lang='lat' dir='ltr'>ad</span> <span class='ocrx_word' id='word_1_43' title='bbox 762 737 849 805; x_wconf 85' lang='lat' dir='ltr'>hanc</span> <span class='ocrx_word' id='word_1_44' title='bbox 868 737 1106 810; x_wconf 79' lang='lat' dir='ltr'><strong>illustrandam</strong></span> 
     </span>
     <span class='ocr_line' id='line_1_7' title="bbox 67 825 1102 910; baseline 0.006 -24"><span class='ocrx_word' id='word_1_45' title='bbox 67 845 128 886; x_wconf 84' lang='lat' dir='ltr'>rem</span> <span class='ocrx_word' id='word_1_46' title='bbox 141 828 214 910; x_wconf 87' lang='lat' dir='ltr'>peti</span> <span class='ocrx_word' id='word_1_47' title='bbox 228 835 392 910; x_wconf 71' lang='lat' dir='ltr'>possum,</span> <span class='ocrx_word' id='word_1_48' title='bbox 413 834 525 888; x_wconf 83' lang='lat' dir='ltr'>cetera</span> <span class='ocrx_word' id='word_1_49' title='bbox 538 825 742 910; x_wconf 78' lang='lat' dir='ltr'>&#39;conjecturis</span> <span class='ocrx_word' id='word_1_50' title='bbox 757 829 930 902; x_wconf 89' lang='lat' dir='ltr'>nituntur,</span> <span class='ocrx_word' id='word_1_51' title='bbox 958 847 1102 910; x_wconf 87' lang='lat' dir='ltr'>quarum</span> 
     </span>
     <span class='ocr_line' id='line_1_8' title="bbox 63 907 1102 994; baseline 0.009 -26"><span class='ocrx_word' id='word_1_52' title='bbox 63 929 233 972; x_wconf 87' lang='lat' dir='ltr'>numerum</span> <span class='ocrx_word' id='word_1_53' title='bbox 241 907 348 976; x_wconf 87' lang='lat' dir='ltr'>nolim</span> <span class='ocrx_word' id='word_1_54' title='bbox 357 929 484 994; x_wconf 86' lang='lat' dir='ltr'>augere.</span> <span class='ocrx_word' id='word_1_55' title='bbox 504 908 1102 994; x_wconf 81' lang='lat' dir='ltr'>DiligentissimeBahrdtiusinPro-</span> 
     </span>
     <span class='ocr_line' id='line_1_9' title="bbox 62 991 1099 1084; baseline 0.008 -30"><span class='ocrx_word' id='word_1_56' title='bbox 62 991 243 1077; x_wconf 85' lang='lat' dir='ltr'>legomenis</span> <span class='ocrx_word' id='word_1_57' title='bbox 259 996 338 1080; x_wconf 84' lang='lat' dir='ltr'>egit,</span> <span class='ocrx_word' id='word_1_58' title='bbox 361 997 467 1078; x_wconf 81' lang='lat' dir='ltr'>magis</span> <span class='ocrx_word' id='word_1_59' title='bbox 475 1015 574 1076; x_wconf 89' lang='lat' dir='ltr'>quam</span> <span class='ocrx_word' id='word_1_60' title='bbox 582 993 650 1060; x_wconf 85' lang='lat' dir='ltr'>dici</span> <span class='ocrx_word' id='word_1_61' title='bbox 664 1006 777 1082; x_wconf 85' lang='lat' dir='ltr'>potest</span> <span class='ocrx_word' id='word_1_62' title='bbox 784 993 930 1084; x_wconf 84' lang='lat' dir='ltr'>Vulpius</span> <span class='ocrx_word' id='word_1_63' title='bbox 944 996 1099 1076; x_wconf 81' lang='lat' dir='ltr'>balbutit,</span> 
     </span>
     <span class='ocr_line' id='line_1_10' title="bbox 61 1075 1100 1182; baseline 0.006 -42"><span class='ocrx_word' id='word_1_64' title='bbox 61 1075 360 1157; x_wconf 81' lang='lat' dir='ltr'>Burmannibacde</span> <span class='ocrx_word' id='word_1_65' title='bbox 368 1101 404 1142; x_wconf 89' lang='lat' dir='ltr'>te</span> <span class='ocrx_word' id='word_1_66' title='bbox 413 1079 610 1166; x_wconf 89' lang='lat' dir='ltr'>disputataa</span> <span class='ocrx_word' id='word_1_67' title='bbox 619 1079 650 1144; x_wconf 93' lang='lat' dir='ltr'><strong>N</strong></span> <span class='ocrx_word' id='word_1_68' title='bbox 654 1076 755 1144; x_wconf 91' lang='lat' dir='ltr'>obbio</span> <span class='ocrx_word' id='word_1_69' title='bbox 764 1079 908 1182; x_wconf 84' lang='lat' dir='ltr'>Specim.</span> <span class='ocrx_word' id='word_1_70' title='bbox 916 1083 1007 1145; x_wconf 79' lang='lat' dir='ltr'>obss</span> <span class='ocrx_word' id='word_1_71' title='bbox 1016 1105 1047 1170; x_wconf 87' lang='lat' dir='ltr'>p.</span> <span class='ocrx_word' id='word_1_72' title='bbox 1061 1088 1100 1146; x_wconf 92' lang='lat'>10</span> 
     </span>
    </p>
   </div>
   <div class='ocr_carea' id='block_1_6' title="bbox 14 1249 1114 1412">
    <p class='ocr_par' dir='ltr' id='par_1_6' title="bbox 14 1249 1114 1412">
     <span class='ocr_line' id='line_1_11' title="bbox 14 1249 1114 1338; baseline -0.002 -22"><span class='ocrx_word' id='word_1_73' title='bbox 14 1257 16 1316; x_wconf 72' lang='grc' dir='ltr'>ὲ</span> <span class='ocrx_word' id='word_1_74' title='bbox 58 1253 216 1338; x_wconf 86' lang='lat' dir='ltr'>scriptam</span> <span class='ocrx_word' id='word_1_75' title='bbox 233 1267 306 1314; x_wconf 91' lang='lat' dir='ltr'>esse</span> <span class='ocrx_word' id='word_1_76' title='bbox 320 1253 402 1314; x_wconf 89' lang='lat' dir='ltr'>satis</span> <span class='ocrx_word' id='word_1_77' title='bbox 416 1259 558 1314; x_wconf 88' lang='lat' dir='ltr'>constat.</span> <span class='ocrx_word' id='word_1_78' title='bbox 617 1249 814 1314; x_wconf 85' lang='lat' dir='ltr'>ABabrdtii</span> <span class='ocrx_word' id='word_1_79' title='bbox 832 1253 1038 1329; x_wconf 88' lang='lat' dir='ltr'>rationibus,</span> <span class='ocrx_word' id='word_1_80' title='bbox 1060 1255 1114 1314; x_wconf 90' lang='lat' dir='ltr'>in·</span> 
     </span>
     <span class='ocr_line' id='line_1_12' title="bbox 14 1331 1096 1412; baseline 0.003 -15"><span class='ocrx_word' id='word_1_81' title='bbox 14 1347 16 1410; x_wconf 74' lang='grc' dir='ltr'><strong>ξ</strong></span> <span class='ocrx_word' id='word_1_82' title='bbox 59 1335 127 1398; x_wconf 86' lang='lat' dir='ltr'>aliis</span> <span class='ocrx_word' id='word_1_83' title='bbox 139 1331 279 1399; x_wconf 89' lang='lat' dir='ltr'>Lacbm.</span> <span class='ocrx_word' id='word_1_84' title='bbox 294 1331 468 1412; x_wconf 86' lang='lat' dir='ltr'>dissentit,</span> <span class='ocrx_word' id='word_1_85' title='bbox 488 1337 521 1398; x_wconf 89' lang='lat' dir='ltr'>in</span> <span class='ocrx_word' id='word_1_86' title='bbox 540 1333 614 1398; x_wconf 87' lang='lat' dir='ltr'>aliis</span> <span class='ocrx_word' id='word_1_87' title='bbox 629 1335 794 1398; x_wconf 88' lang='lat' dir='ltr'>Nobbius.</span> <span class='ocrx_word' id='word_1_88' title='bbox 844 1335 969 1399; x_wconf 87' lang='lat' dir='ltr'>Sextus</span> <span class='ocrx_word' id='word_1_89' title='bbox 984 1335 1096 1400; x_wconf 75' lang='lat' dir='ltr'>›iure-</span> 
     </span>
    </p>
   </div>
   <div class='ocr_carea' id='block_1_7' title="bbox 14 1417 1147 1682">
    <p class='ocr_par' dir='ltr' id='par_1_7' title="bbox 14 1417 1147 1682">
     <span class='ocr_line' id='line_1_13' title="bbox 14 1417 1147 1569; baseline 0.004 -88"><span class='ocrx_word' id='word_1_90' title='bbox 14 1445 17 1490; x_wconf 66' lang='lat' dir='ltr'>t</span> <span class='ocrx_word' id='word_1_91' title='bbox 49 1419 114 1485; x_wconf 86' lang='lat' dir='ltr'>lius</span> <span class='ocrx_word' id='word_1_92' title='bbox 131 1419 200 1482; x_wconf 87' lang='lat' dir='ltr'>Pro</span> <span class='ocrx_word' id='word_1_93' title='bbox 226 1423 352 1519; x_wconf 80' lang='lat' dir='ltr'>eitius,</span> <span class='ocrx_word' id='word_1_94' title='bbox 373 1417 570 1569; x_wconf 51' lang='lat' dir='ltr'>splendidus</span> <span class='ocrx_word' id='word_1_95' title='bbox 586 1439 706 1506; x_wconf 78' lang='lat' dir='ltr'>equeS,</span> <span class='ocrx_word' id='word_1_96' title='bbox 738 1419 881 1508; x_wconf 90' lang='lat' dir='ltr'>Hispelli</span> <span class='ocrx_word' id='word_1_97' title='bbox 896 1425 932 1484; x_wconf 93' lang='lat' dir='ltr'>in</span> <span class='ocrx_word' id='word_1_98' title='bbox 941 1421 1096 1497; x_wconf 88' lang='lat' dir='ltr'>Umbria,</span> <span class='ocrx_word' id='word_1_99' title='bbox 1145 1487 1147 1496; x_wconf 75' lang='grc'>,</span> 
     </span>
     <span class='ocr_line' id='line_1_14' title="bbox 14 1517 372 1590; baseline 0.008 -25"><span class='ocrx_word' id='word_1_100' title='bbox 14 1539 15 1584; x_wconf 59' lang='lat'><strong>3</strong></span> <span class='ocrx_word' id='word_1_101' title='bbox 57 1528 118 1570; x_wconf 90' lang='lat' dir='ltr'>non</span> <span class='ocrx_word' id='word_1_102' title='bbox 140 1530 175 1570; x_wconf 90' lang='lat' dir='ltr'>m</span> <span class='ocrx_word' id='word_1_103' title='bbox 213 1517 251 1570; x_wconf 92' lang='lat' dir='ltr'>to</span> <span class='ocrx_word' id='word_1_104' title='bbox 264 1523 372 1590; x_wconf 82' lang='lat' dir='ltr'>maJor</span> 
     </span>
     <span class='ocr_line' id='line_1_15' title="bbox 14 1589 1094 1682; baseline 0.005 -31"><span class='ocrx_word' id='word_1_105' title='bbox 14 1593 16 1630; x_wconf 55' lang='grc' dir='ltr'>ἒ</span> <span class='ocrx_word' id='word_1_106' title='bbox 56 1598 95 1657; x_wconf 86' lang='lat' dir='ltr'>sti</span> <span class='ocrx_word' id='word_1_107' title='bbox 115 1597 249 1678; x_wconf 87' lang='lat' dir='ltr'>pertica</span> <span class='ocrx_word' id='word_1_108' title='bbox 269 1593 337 1654; x_wconf 90' lang='lat' dir='ltr'>nisi</span> <span class='ocrx_word' id='word_1_109' title='bbox 357 1589 587 1676; x_wconf 83' lang='lat' dir='ltr'>pessumdata,</span> <span class='ocrx_word' id='word_1_110' title='bbox 618 1604 711 1656; x_wconf 83' lang='lat' dir='ltr'>cette</span> <span class='ocrx_word' id='word_1_111' title='bbox 730 1610 934 1682; x_wconf 84' lang='lat' dir='ltr'>magnopere</span> <span class='ocrx_word' id='word_1_112' title='bbox 950 1597 1094 1657; x_wconf 88' lang='lat' dir='ltr'>commi-</span> 
     </span>
    </p>
   </div>
   <div class='ocr_carea' id='block_1_8' title="bbox 420 1504 1095 1583">
    <p class='ocr_par' dir='ltr' id='par_1_8' title="bbox 420 1504 1095 1583">
     <span class='ocr_line' id='line_1_16' title="bbox 420 1504 1095 1583; baseline -0.003 -12"><span class='ocrx_word' id='word_1_113' title='bbox 420 1504 513 1571; x_wconf 88' lang='lat' dir='ltr'>vidio</span> <span class='ocrx_word' id='word_1_114' title='bbox 528 1519 644 1583; x_wconf 79' lang='lat' dir='ltr'>natuS,</span> <span class='ocrx_word' id='word_1_115' title='bbox 677 1527 754 1569; x_wconf 91' lang='lat' dir='ltr'>cum</span> <span class='ocrx_word' id='word_1_116' title='bbox 769 1525 826 1570; x_wconf 86' lang='lat' dir='ltr'>res</span> <span class='ocrx_word' id='word_1_117' title='bbox 839 1504 1014 1570; x_wconf 84' lang='lat' dir='ltr'>familiaris</span> <span class='ocrx_word' id='word_1_118' title='bbox 1028 1511 1095 1571; x_wconf 88' lang='lat' dir='ltr'>tri·</span> 
     </span>
    </p>
   </div>
   <div class='ocr_carea' id='block_1_9' title="bbox 54 1673 1092 1766">
    <p class='ocr_par' dir='ltr' id='par_1_9' title="bbox 54 1673 1092 1766">
     <span class='ocr_line' id='line_1_17' title="bbox 54 1673 1092 1766; baseline -0.003 -25"><span class='ocrx_word' id='word_1_119' title='bbox 54 1690 131 1742; x_wconf 86' lang='lat' dir='ltr'>nuta</span> <span class='ocrx_word' id='word_1_120' title='bbox 151 1687 260 1753; x_wconf 89' lang='lat' dir='ltr'>esset,</span> <span class='ocrx_word' id='word_1_121' title='bbox 292 1673 434 1738; x_wconf 83' lang='lat' dir='ltr'>Romam</span> <span class='ocrx_word' id='word_1_122' title='bbox 454 1673 548 1738; x_wconf 88' lang='lat' dir='ltr'>adiit.</span> <span class='ocrx_word' id='word_1_123' title='bbox 593 1675 643 1739; x_wconf 91' lang='lat' dir='ltr'>lbi</span> <span class='ocrx_word' id='word_1_124' title='bbox 661 1675 816 1746; x_wconf 83' lang='lat' dir='ltr'>Hostiam</span> <span class='ocrx_word' id='word_1_125' title='bbox 836 1696 947 1742; x_wconf 86' lang='lat' dir='ltr'>arnare</span> <span class='ocrx_word' id='word_1_126' title='bbox 969 1679 1092 1766; x_wconf 87' lang='lat' dir='ltr'>coepit.</span> 
     </span>
    </p>
   </div>
   <div class='ocr_carea' id='block_1_10' title="bbox 14 1755 1095 1933">
    <p class='ocr_par' dir='ltr' id='par_1_10' title="bbox 14 1755 1095 1933">
     <span class='ocr_line' id='line_1_18' title="bbox 14 1755 1092 1850; baseline -0.001 -25"><span class='ocrx_word' id='word_1_127' title='bbox 14 1755 18 1794; x_wconf 70' lang='lat'>²</span> <span class='ocrx_word' id='word_1_128' title='bbox 55 1763 162 1846; x_wconf 84' lang='lat' dir='ltr'>Quam</span> <span class='ocrx_word' id='word_1_129' title='bbox 185 1780 318 1826; x_wconf 89' lang='lat' dir='ltr'>summo</span> <span class='ocrx_word' id='word_1_130' title='bbox 341 1780 464 1846; x_wconf 84' lang='lat' dir='ltr'><strong>genere</strong></span> <span class='ocrx_word' id='word_1_131' title='bbox 477 1774 590 1825; x_wconf 88' lang='lat' dir='ltr'>natam</span> <span class='ocrx_word' id='word_1_132' title='bbox 611 1779 685 1826; x_wconf 86' lang='lat' dir='ltr'>esse</span> <span class='ocrx_word' id='word_1_133' title='bbox 700 1757 846 1848; x_wconf 85' lang='lat' dir='ltr'>Vulpius</span> <span class='ocrx_word' id='word_1_134' title='bbox 860 1766 895 1824; x_wconf 92' lang='lat' dir='ltr'>in</span> <span class='ocrx_word' id='word_1_135' title='bbox 913 1761 1044 1848; x_wconf 79' lang='lat' dir='ltr'>Proleg.</span> <span class='ocrx_word' id='word_1_136' title='bbox 1059 1787 1092 1850; x_wconf 87' lang='lat' dir='ltr'>p.</span> 
     </span>
     <span class='ocr_line' id='line_1_19' title="bbox 14 1843 1095 1933; baseline 0.006 -27"><span class='ocrx_word' id='word_1_137' title='bbox 14 1883 15 1906; x_wconf 59' lang='grc'><strong>;</strong></span> <span class='ocrx_word' id='word_1_138' title='bbox 52 1847 146 1910; x_wconf 85' lang='lat' dir='ltr'>XVII</span> <span class='ocrx_word' id='word_1_139' title='bbox 169 1845 356 1911; x_wconf 86' lang='lat' dir='ltr'>contendit.</span> <span class='ocrx_word' id='word_1_140' title='bbox 414 1845 482 1910; x_wconf 87' lang='lat' dir='ltr'>Sed</span> <span class='ocrx_word' id='word_1_141' title='bbox 503 1843 593 1908; x_wconf 87' lang='lat' dir='ltr'>nulla</span> <span class='ocrx_word' id='word_1_142' title='bbox 608 1843 711 1910; x_wconf 88' lang='lat' dir='ltr'>affert</span> <span class='ocrx_word' id='word_1_143' title='bbox 729 1863 766 1908; x_wconf 88' lang='lat' dir='ltr'>ar</span> <span class='ocrx_word' id='word_1_144' title='bbox 812 1858 932 1910; x_wconf 86' lang='lat' dir='ltr'>menta·</span> <span class='ocrx_word' id='word_1_145' title='bbox 946 1852 1013 1912; x_wconf 91' lang='lat' dir='ltr'>nisi</span> <span class='ocrx_word' id='word_1_146' title='bbox 1027 1845 1095 1933; x_wconf 86' lang='lat' dir='ltr'>hoe</span> 
     </span>
    </p>
   </div>
   <div class='ocr_carea' id='block_1_11' title="bbox 44 1929 1092 2106">
    <p class='ocr_par' dir='ltr' id='par_1_11' title="bbox 44 1929 1092 2106">
     <span class='ocr_line' id='line_1_20' title="bbox 51 1929 1092 2020; baseline 0.001 -23"><span class='ocrx_word' id='word_1_147' title='bbox 51 1935 89 1997; x_wconf 87' lang='lat' dir='ltr'>ad</span> <span class='ocrx_word' id='word_1_148' title='bbox 108 1932 171 2010; x_wconf 89' lang='lat'>111,</span> <span class='ocrx_word' id='word_1_149' title='bbox 194 1935 234 1995; x_wconf 87' lang='lat'>19</span> <span class='ocrx_word' id='word_1_150' title='bbox 254 1929 319 2017; x_wconf 74' lang='lat'>(20)</span> <span class='ocrx_word' id='word_1_151' title='bbox 340 1934 376 1994; x_wconf 83' lang='lat'>8:</span> <span class='ocrx_word' id='word_1_152' title='bbox 415 1931 530 1994; x_wconf 83' lang='lat' dir='ltr'>Anum</span> <span class='ocrx_word' id='word_1_153' title='bbox 555 1929 719 2020; x_wconf 76' lang='lat' dir='ltr'>Cynthiae</span> <span class='ocrx_word' id='word_1_154' title='bbox 747 1933 761 1996; x_wconf 84' lang='grc' dir='ltr'>ι’</span> <span class='ocrx_word' id='word_1_155' title='bbox 787 1943 908 1995; x_wconf 84' lang='lat' dir='ltr'>ustrem</span> <span class='ocrx_word' id='word_1_156' title='bbox 937 1932 1092 1998; x_wconf 70' lang='lat' dir='ltr'>donnino</span> 
     </span>
     <span class='ocr_line' id='line_1_21' title="bbox 44 2013 935 2106; baseline -0.008 -25"><span class='ocrx_word' id='word_1_157' title='bbox 44 2018 147 2106; x_wconf 77' lang='lat' dir='ltr'>fuisse</span> <span class='ocrx_word' id='word_1_158' title='bbox 162 2017 348 2082; x_wconf 81' lang='lat' dir='ltr'>monuimus</span> <span class='ocrx_word' id='word_1_159' title='bbox 359 2015 398 2082; x_wconf 71' lang='lat' dir='ltr'>el·</span> <span class='ocrx_word' id='word_1_160' title='bbox 418 2019 466 2080; x_wconf 83' lang='lat' dir='ltr'>ta.</span> <span class='ocrx_word' id='word_1_161' title='bbox 492 2016 515 2078; x_wconf 85' lang='lat' dir='ltr'>i.</span> <span class='ocrx_word' id='word_1_162' title='bbox 534 2013 585 2078; x_wconf 84' lang='lat' dir='ltr'>ll:</span> <span class='ocrx_word' id='word_1_163' title='bbox 915 2055 935 2072; x_wconf 77' lang='lat'><strong>„</strong></span> 
     </span>
    </p>
   </div>
   <div class='ocr_carea' id='block_1_12' title="bbox 109 2115 694 2188">
    <p class='ocr_par' dir='ltr' id='par_1_12' title="bbox 109 2115 694 2188">
     <span class='ocr_line' id='line_1_22' title="bbox 109 2115 694 2188; baseline -0.007 -14"><span class='ocrx_word' id='word_1_164' title='bbox 109 2120 174 2173; x_wconf 74' lang='lat' dir='ltr'>&#39;Nee</span> <span class='ocrx_word' id='word_1_165' title='bbox 186 2119 207 2174; x_wconf 84' lang='lat' dir='ltr'>si</span> <span class='ocrx_word' id='word_1_166' title='bbox 223 2135 276 2188; x_wconf 85' lang='lat' dir='ltr'>qua</span> <span class='ocrx_word' id='word_1_167' title='bbox 290 2115 514 2171; x_wconf 74' lang='lat' dir='ltr'>illustrisletnina</span> <span class='ocrx_word' id='word_1_168' title='bbox 525 2115 607 2184; x_wconf 79' lang='lat' dir='ltr'>jactat</span> <span class='ocrx_word' id='word_1_169' title='bbox 617 2117 694 2170; x_wconf 78' lang='lat' dir='ltr'>avos.</span> 
     </span>
    </p>
   </div>
   <div class='ocr_carea' id='block_1_13' title="bbox 46 2199 1092 2547">
    <p class='ocr_par' dir='ltr' id='par_1_13' title="bbox 46 2199 1092 2547">
     <span class='ocr_line' id='line_1_23' title="bbox 49 2199 1092 2291; baseline -0.001 -20"><span class='ocrx_word' id='word_1_170' title='bbox 49 2205 149 2291; x_wconf 84' lang='lat' dir='ltr'>Quod</span> <span class='ocrx_word' id='word_1_171' title='bbox 163 2211 534 2289; x_wconf 80' lang='lat' dir='ltr'>argumentum-patum</span> <span class='ocrx_word' id='word_1_172' title='bbox 550 2211 602 2266; x_wconf 85' lang='lat' dir='ltr'>est</span> <span class='ocrx_word' id='word_1_173' title='bbox 616 2199 760 2268; x_wconf 79' lang='lat' dir='ltr'>fimum.</span> <span class='ocrx_word' id='word_1_174' title='bbox 810 2201 849 2268; x_wconf 87' lang='lat' dir='ltr'>Si</span> <span class='ocrx_word' id='word_1_175' title='bbox 864 2205 971 2282; x_wconf 83' lang='lat' dir='ltr'>enim,</span> <span class='ocrx_word' id='word_1_176' title='bbox 998 2205 1092 2287; x_wconf 84' lang='lat' dir='ltr'>quod</span> 
     </span>
     <span class='ocr_line' id='line_1_24' title="bbox 50 2285 1089 2367; baseline 0 -15"><span class='ocrx_word' id='word_1_177' title='bbox 50 2312 124 2357; x_wconf 80' lang='lat' dir='ltr'>sane</span> <span class='ocrx_word' id='word_1_178' title='bbox 145 2285 299 2365; x_wconf 86' lang='lat' dir='ltr'>videtur,</span> <span class='ocrx_word' id='word_1_179' title='bbox 328 2285 411 2351; x_wconf 86' lang='lat' dir='ltr'>baec</span> <span class='ocrx_word' id='word_1_180' title='bbox 438 2287 540 2352; x_wconf 85' lang='lat' dir='ltr'>verba</span> <span class='ocrx_word' id='word_1_181' title='bbox 562 2285 604 2350; x_wconf 88' lang='lat' dir='ltr'>ad</span> <span class='ocrx_word' id='word_1_182' title='bbox 626 2287 781 2352; x_wconf 83' lang='lat' dir='ltr'>Hostiam</span> <span class='ocrx_word' id='word_1_183' title='bbox 801 2285 979 2357; x_wconf 83' lang='lat' dir='ltr'>referenda</span> <span class='ocrx_word' id='word_1_184' title='bbox 998 2301 1089 2367; x_wconf 86' lang='lat' dir='ltr'>sunt,</span> 
     </span>
     <span class='ocr_line' id='line_1_25' title="bbox 48 2370 1090 2461; baseline 0.001 -21"><span class='ocrx_word' id='word_1_185' title='bbox 48 2376 169 2441; x_wconf 89' lang='lat' dir='ltr'>nonde</span> <span class='ocrx_word' id='word_1_186' title='bbox 187 2391 319 2438; x_wconf 85' lang='lat' dir='ltr'>summo</span> <span class='ocrx_word' id='word_1_187' title='bbox 337 2391 477 2461; x_wconf 84' lang='lat' dir='ltr'>genere,</span> <span class='ocrx_word' id='word_1_188' title='bbox 505 2370 566 2435; x_wconf 88' lang='lat' dir='ltr'>sed</span> <span class='ocrx_word' id='word_1_189' title='bbox 582 2371 624 2436; x_wconf 93' lang='lat' dir='ltr'>de</span> <span class='ocrx_word' id='word_1_190' title='bbox 639 2371 839 2438; x_wconf 81' lang='lat' dir='ltr'>claritudine</span> <span class='ocrx_word' id='word_1_191' title='bbox 852 2373 1017 2440; x_wconf 84' lang='lat' dir='ltr'>litteraria</span> <span class='ocrx_word' id='word_1_192' title='bbox 1030 2379 1090 2440; x_wconf 88' lang='lat' dir='ltr'>in-</span> 
     </span>
     <span class='ocr_line' id='line_1_26' title="bbox 46 2457 1089 2547; baseline -0.001 -21"><span class='ocrx_word' id='word_1_193' title='bbox 46 2463 151 2547; x_wconf 87' lang='lat' dir='ltr'>telligi</span> <span class='ocrx_word' id='word_1_194' title='bbox 165 2460 301 2524; x_wconf 87' lang='lat' dir='ltr'>debent.</span> <span class='ocrx_word' id='word_1_195' title='bbox 359 2457 467 2522; x_wconf 74' lang='lat' dir='ltr'>amm</span> <span class='ocrx_word' id='word_1_196' title='bbox 494 2460 583 2520; x_wconf 90' lang='lat' dir='ltr'>enim</span> <span class='ocrx_word' id='word_1_197' title='bbox 607 2458 764 2524; x_wconf 85' lang='lat' dir='ltr'>Hostium</span> <span class='ocrx_word' id='word_1_198' title='bbox 788 2457 895 2524; x_wconf 91' lang='lat' dir='ltr'>libros</span> <span class='ocrx_word' id='word_1_199' title='bbox 911 2463 1089 2525; x_wconf 86' lang='lat' dir='ltr'>minimum</span> 
     </span>
    </p>
   </div>
   <div class='ocr_carea' id='block_1_14' title="bbox 45 2543 1200 2629">
    <p class='ocr_par' dir='ltr' id='par_1_14' title="bbox 45 2543 1200 2629">
     <span class='ocr_line' id='line_1_27' title="bbox 45 2543 1200 2629; baseline -0.005 -15"><span class='ocrx_word' id='word_1_200' title='bbox 45 2562 109 2614; x_wconf 87' lang='lat' dir='ltr'>tres</span> <span class='ocrx_word' id='word_1_201' title='bbox 125 2543 273 2609; x_wconf 86' lang='lat' dir='ltr'>debello</span> <span class='ocrx_word' id='word_1_202' title='bbox 292 2543 444 2607; x_wconf 85' lang='lat' dir='ltr'>Histrico</span> <span class='ocrx_word' id='word_1_203' title='bbox 462 2545 659 2629; x_wconf 82' lang='lat' dir='ltr'>scripsisse,</span> <span class='ocrx_word' id='word_1_204' title='bbox 686 2563 730 2607; x_wconf 81' lang='lat' dir='ltr'>ex</span> <span class='ocrx_word' id='word_1_205' title='bbox 751 2543 869 2621; x_wconf 87' lang='lat' dir='ltr'>Festo,</span> <span class='ocrx_word' id='word_1_206' title='bbox 899 2543 1088 2624; x_wconf 89' lang='lat' dir='ltr'>Macrobio,</span> <span class='ocrx_word' id='word_1_207' title='bbox 1195 2563 1200 2576; x_wconf 86' lang='grc'><em>’</em></span> 
     </span>
    </p>
   </div>
   <div class='ocr_carea' id='block_1_15' title="bbox 39 2625 1168 4176">
    <p class='ocr_par' dir='ltr' id='par_1_15' title="bbox 39 2625 1168 4176">
     <span class='ocr_line' id='line_1_28' title="bbox 44 2625 1092 2716; baseline -0.008 -15"><span class='ocrx_word' id='word_1_208' title='bbox 44 2635 160 2700; x_wconf 80' lang='lat' dir='ltr'>Servio</span> <span class='ocrx_word' id='word_1_209' title='bbox 173 2630 289 2716; x_wconf 88' lang='lat' dir='ltr'>liquet.</span> <span class='ocrx_word' id='word_1_210' title='bbox 317 2627 440 2694; x_wconf 72' lang='lat' dir='ltr'>tPotuit</span> <span class='ocrx_word' id='word_1_211' title='bbox 459 2639 571 2691; x_wconf 85' lang='lat' dir='ltr'>autern</span> <span class='ocrx_word' id='word_1_212' title='bbox 590 2625 773 2693; x_wconf 87' lang='lat' dir='ltr'>libertinus</span> <span class='ocrx_word' id='word_1_213' title='bbox 789 2647 872 2694; x_wconf 84' lang='lat' dir='ltr'>esse.</span> <span class='ocrx_word' id='word_1_214' title='bbox 906 2627 1092 2696; x_wconf 85' lang='lat' dir='ltr'>Poetarum·</span> 
     </span>
     <span class='ocr_line' id='line_1_29' title="bbox 46 2712 1088 2806; baseline -0.007 -22"><span class='ocrx_word' id='word_1_215' title='bbox 46 2739 137 2784; x_wconf 91' lang='lat' dir='ltr'>more</span> <span class='ocrx_word' id='word_1_216' title='bbox 154 2721 294 2779; x_wconf 89' lang='lat' dir='ltr'>nomina</span> <span class='ocrx_word' id='word_1_217' title='bbox 311 2715 515 2778; x_wconf 85' lang='lat' dir='ltr'>mutantium</span> <span class='ocrx_word' id='word_1_218' title='bbox 531 2712 687 2777; x_wconf 86' lang='lat' dir='ltr'>Hostiam</span> <span class='ocrx_word' id='word_1_219' title='bbox 709 2717 744 2777; x_wconf 80' lang='lat' dir='ltr'>in</span> <span class='ocrx_word' id='word_1_220' title='bbox 766 2716 968 2778; x_wconf 85' lang='lat' dir='ltr'>carminibus</span> <span class='ocrx_word' id='word_1_221' title='bbox 992 2713 1088 2806; x_wconf 85' lang='lat' dir='ltr'>Cyn—</span> 
     </span>
     <span class='ocr_line' id='line_1_30' title="bbox 46 2797 1088 2892; baseline -0.006 -24"><span class='ocrx_word' id='word_1_222' title='bbox 46 2803 151 2868; x_wconf 86' lang='lat' dir='ltr'>thiam</span> <span class='ocrx_word' id='word_1_223' title='bbox 170 2802 323 2870; x_wconf 75' lang='lat' dir='ltr'>vocavit.</span> <span class='ocrx_word' id='word_1_224' title='bbox 359 2797 642 2884; x_wconf 89' lang='lat' dir='ltr'>quemadmodum</span> <span class='ocrx_word' id='word_1_225' title='bbox 656 2797 765 2862; x_wconf 88' lang='lat' dir='ltr'>Diana</span> <span class='ocrx_word' id='word_1_226' title='bbox 787 2797 976 2888; x_wconf 86' lang='lat' dir='ltr'>appellatur</span> <span class='ocrx_word' id='word_1_227' title='bbox 992 2797 1088 2892; x_wconf 82' lang='lat' dir='ltr'>Cyn-</span> 
     </span>
     <span class='ocr_line' id='line_1_31' title="bbox 43 2883 1089 2966; baseline -0.006 -12"><span class='ocrx_word' id='word_1_228' title='bbox 43 2889 131 2966; x_wconf 87' lang='lat' dir='ltr'>thia,</span> <span class='ocrx_word' id='word_1_229' title='bbox 170 2889 344 2962; x_wconf 73' lang='lat' dir='ltr'>castitatis</span> <span class='ocrx_word' id='word_1_230' title='bbox 362 2897 395 2948; x_wconf 94' lang='lat' dir='ltr'>et</span> <span class='ocrx_word' id='word_1_231' title='bbox 446 2883 663 2948; x_wconf 87' lang='lat' dir='ltr'>ulcritudinis</span> <span class='ocrx_word' id='word_1_232' title='bbox 697 2883 793 2949; x_wconf 82' lang='lat' dir='ltr'>laude</span> <span class='ocrx_word' id='word_1_233' title='bbox 826 2883 1014 2962; x_wconf 84' lang='lat' dir='ltr'>excellens,</span> <span class='ocrx_word' id='word_1_234' title='bbox 1050 2893 1089 2949; x_wconf 91' lang='lat' dir='ltr'>ut</span> 
     </span>
     <span class='ocr_line' id='line_1_32' title="bbox 46 2905 1088 3063; baseline -0.005 -23"><span class='ocrx_word' id='word_1_235' title='bbox 46 2971 243 3040; x_wconf 85' lang='lat' dir='ltr'>Huschkius</span> <span class='ocrx_word' id='word_1_236' title='bbox 258 2969 404 3058; x_wconf 88' lang='lat' dir='ltr'>explicat</span> <span class='ocrx_word' id='word_1_237' title='bbox 414 2905 508 3034; x_wconf 67' lang='lat' dir='ltr'>dnal</span> <span class='ocrx_word' id='word_1_238' title='bbox 525 2968 667 3033; x_wconf 89' lang='lat' dir='ltr'>litterar.</span> <span class='ocrx_word' id='word_1_239' title='bbox 684 2994 716 3058; x_wconf 87' lang='lat' dir='ltr'>p.</span> <span class='ocrx_word' id='word_1_240' title='bbox 728 2971 801 3033; x_wconf 79' lang='lat'><strong>808.</strong></span> <span class='ocrx_word' id='word_1_241' title='bbox 844 2969 896 3034; x_wconf 86' lang='lat' dir='ltr'>De</span> <span class='ocrx_word' id='word_1_242' title='bbox 909 2974 981 3060; x_wconf 91' lang='lat' dir='ltr'>ipsa</span> <span class='ocrx_word' id='word_1_243' title='bbox 990 2968 1088 3063; x_wconf 48' lang='lat' dir='ltr'>Cyn*</span> 
     </span>
     <span class='ocr_line' id='line_1_33' title="bbox 44 3053 1088 3142; baseline -0.006 -18"><span class='ocrx_word' id='word_1_244' title='bbox 44 3061 115 3124; x_wconf 89' lang='lat' dir='ltr'>thia</span> <span class='ocrx_word' id='word_1_245' title='bbox 128 3055 303 3142; x_wconf 84' lang='lat' dir='ltr'>magnifice</span> <span class='ocrx_word' id='word_1_246' title='bbox 317 3053 555 3119; x_wconf 78' lang='lat' dir='ltr'>Broulthusius</span> <span class='ocrx_word' id='word_1_247' title='bbox 572 3057 675 3118; x_wconf 85' lang='lat' dir='ltr'>sentit</span> <span class='ocrx_word' id='word_1_248' title='bbox 695 3053 739 3119; x_wconf 87' lang='lat' dir='ltr'>ad</span> <span class='ocrx_word' id='word_1_249' title='bbox 757 3053 786 3130; x_wconf 92' lang='lat' dir='ltr'>l,</span> <span class='ocrx_word' id='word_1_250' title='bbox 801 3057 832 3132; x_wconf 75' lang='lat'>2,</span> <span class='ocrx_word' id='word_1_251' title='bbox 849 3058 891 3118; x_wconf 79' lang='lat' dir='ltr'>at</span> <span class='ocrx_word' id='word_1_252' title='bbox 899 3075 907 3116; x_wconf 77' lang='grc' dir='ltr'><strong>ι</strong></span> <span class='ocrx_word' id='word_1_253' title='bbox 940 3055 1088 3118; x_wconf 73' lang='grc' dir='ltr'>Βοησιιιν</span> 
     </span>
     <span class='ocr_line' id='line_1_34' title="bbox 42 3139 1087 3230; baseline 0 -24"><span class='ocrx_word' id='word_1_254' title='bbox 42 3139 168 3230; x_wconf 68' lang='lat' dir='ltr'>itaque,</span> <span class='ocrx_word' id='word_1_255' title='bbox 193 3161 317 3226; x_wconf 80' lang='lat' dir='ltr'>magno</span> <span class='ocrx_word' id='word_1_256' title='bbox 330 3161 388 3204; x_wconf 83' lang='lat' dir='ltr'>suo</span> <span class='ocrx_word' id='word_1_257' title='bbox 402 3141 527 3220; x_wconf 75' lang='lat' dir='ltr'>merito,</span> <span class='ocrx_word' id='word_1_258' title='bbox 549 3140 680 3224; x_wconf 77' lang='lat' dir='ltr'>porticu</span> <span class='ocrx_word' id='word_1_259' title='bbox 691 3139 825 3204; x_wconf 80' lang='lat' dir='ltr'>ciuitate</span> <span class='ocrx_word' id='word_1_260' title='bbox 838 3140 977 3206; x_wconf 77' lang='lat' dir='ltr'>illustris</span> <span class='ocrx_word' id='word_1_261' title='bbox 988 3141 1087 3224; x_wconf 71' lang='lat' dir='ltr'>prael-</span> 
     </span>
     <span class='ocr_line' id='line_1_35' title="bbox 44 3223 1089 3311; baseline -0.003 -20"><span class='ocrx_word' id='word_1_262' title='bbox 44 3235 97 3311; x_wconf 83' lang='lat' dir='ltr'>ia,</span> <span class='ocrx_word' id='word_1_263' title='bbox 134 3223 230 3311; x_wconf 77' lang='lat' dir='ltr'>eujus</span> <span class='ocrx_word' id='word_1_264' title='bbox 247 3247 363 3290; x_wconf 72' lang='lat' dir='ltr'>nonsart</span> <span class='ocrx_word' id='word_1_265' title='bbox 386 3227 473 3288; x_wconf 78' lang='lat' dir='ltr'>inter</span> <span class='ocrx_word' id='word_1_266' title='bbox 491 3223 663 3287; x_wconf 80' lang='lat' dir='ltr'>Rontanae</span> <span class='ocrx_word' id='word_1_267' title='bbox 682 3224 777 3310; x_wconf 74' lang='lat' dir='ltr'>lyrae</span> <span class='ocrx_word' id='word_1_268' title='bbox 799 3223 949 3290; x_wconf 84' lang='lat' dir='ltr'>cultrices</span> <span class='ocrx_word' id='word_1_269' title='bbox 974 3223 1089 3290; x_wconf 78' lang='lat' dir='ltr'>adhue</span> 
     </span>
     <span class='ocr_line' id='line_1_36' title="bbox 44 3304 1088 3396; baseline -0.007 -15"><span class='ocrx_word' id='word_1_270' title='bbox 44 3313 230 3380; x_wconf 84' lang='lat' dir='ltr'>desiderari</span> <span class='ocrx_word' id='word_1_271' title='bbox 241 3308 413 3396; x_wconf 81' lang='lat' dir='ltr'>piaculum</span> <span class='ocrx_word' id='word_1_272' title='bbox 417 3305 544 3391; x_wconf 63' lang='lat' dir='ltr'>suerit,</span> <span class='ocrx_word' id='word_1_273' title='bbox 571 3307 701 3372; x_wconf 87' lang='lat' dir='ltr'>Contra</span> <span class='ocrx_word' id='word_1_274' title='bbox 714 3309 886 3394; x_wconf 80' lang='lat' dir='ltr'>ingenium</span> <span class='ocrx_word' id='word_1_275' title='bbox 898 3304 1088 3395; x_wconf 73' lang='lat' dir='ltr'>plusquam</span> 
     </span>
     <span class='ocr_line' id='line_1_37' title="bbox 41 3394 1087 3472; baseline -0.006 -10"><span class='ocrx_word' id='word_1_276' title='bbox 41 3397 261 3466; x_wconf 77' lang='lat' dir='ltr'>meretricium</span> <span class='ocrx_word' id='word_1_277' title='bbox 275 3394 457 3458; x_wconf 87' lang='lat' dir='ltr'>Babrdtius</span> <span class='ocrx_word' id='word_1_278' title='bbox 473 3399 503 3456; x_wconf 92' lang='lat' dir='ltr'>ei</span> <span class='ocrx_word' id='word_1_279' title='bbox 521 3397 651 3460; x_wconf 87' lang='lat' dir='ltr'>asserit.</span> <span class='ocrx_word' id='word_1_280' title='bbox 704 3395 849 3472; x_wconf 85' lang='lat' dir='ltr'>Verum,</span> <span class='ocrx_word' id='word_1_281' title='bbox 870 3408 908 3458; x_wconf 89' lang='lat' dir='ltr'>ut</span> <span class='ocrx_word' id='word_1_282' title='bbox 923 3398 959 3457; x_wconf 92' lang='lat' dir='ltr'>in</span> <span class='ocrx_word' id='word_1_283' title='bbox 974 3397 1087 3463; x_wconf 82' lang='lat' dir='ltr'>omni-</span> 
     </span>
     <span class='ocr_line' id='line_1_38' title="bbox 42 3476 1089 3570; baseline -0.006 -20"><span class='ocrx_word' id='word_1_284' title='bbox 42 3492 121 3562; x_wconf 90' lang='lat' dir='ltr'>bus,</span> <span class='ocrx_word' id='word_1_285' title='bbox 144 3487 195 3545; x_wconf 90' lang='lat' dir='ltr'>sic</span> <span class='ocrx_word' id='word_1_286' title='bbox 209 3484 309 3544; x_wconf 89' lang='lat' dir='ltr'>etiam</span> <span class='ocrx_word' id='word_1_287' title='bbox 327 3481 363 3554; x_wconf 88' lang='lat' dir='ltr'>in</span> <span class='ocrx_word' id='word_1_288' title='bbox 376 3477 461 3555; x_wconf 84' lang='lat' dir='ltr'>hoc,</span> <span class='ocrx_word' id='word_1_289' title='bbox 487 3483 637 3566; x_wconf 86' lang='lat' dir='ltr'>positum</span> <span class='ocrx_word' id='word_1_290' title='bbox 657 3482 691 3542; x_wconf 91' lang='lat' dir='ltr'>in</span> <span class='ocrx_word' id='word_1_291' title='bbox 713 3477 835 3544; x_wconf 90' lang='lat' dir='ltr'>medio.</span> <span class='ocrx_word' id='word_1_292' title='bbox 892 3479 970 3544; x_wconf 83' lang='lat' dir='ltr'>Fuit</span> <span class='ocrx_word' id='word_1_293' title='bbox 991 3476 1089 3570; x_wconf 82' lang='lat' dir='ltr'>Gyn-</span> 
     </span>
     <span class='ocr_line' id='line_1_39' title="bbox 41 3561 1087 3653; baseline -0.008 -17"><span class='ocrx_word' id='word_1_294' title='bbox 41 3572 114 3636; x_wconf 87' lang='lat' dir='ltr'>thia</span> <span class='ocrx_word' id='word_1_295' title='bbox 130 3572 205 3632; x_wconf 87' lang='lat' dir='ltr'>sine</span> <span class='ocrx_word' id='word_1_296' title='bbox 219 3565 340 3642; x_wconf 86' lang='lat' dir='ltr'>dubio,</span> <span class='ocrx_word' id='word_1_297' title='bbox 376 3578 414 3630; x_wconf 88' lang='lat' dir='ltr'>ut</span> <span class='ocrx_word' id='word_1_298' title='bbox 435 3563 543 3630; x_wconf 84' lang='lat' dir='ltr'>forma</span> <span class='ocrx_word' id='word_1_299' title='bbox 565 3561 790 3653; x_wconf 88' lang='lat' dir='ltr'>pulcherrima</span> <span class='ocrx_word' id='word_1_300' title='bbox 804 3569 854 3628; x_wconf 87' lang='lat' dir='ltr'>sic</span> <span class='ocrx_word' id='word_1_301' title='bbox 869 3568 1007 3650; x_wconf 88' lang='lat' dir='ltr'>ingenio</span> <span class='ocrx_word' id='word_1_302' title='bbox 1022 3587 1087 3629; x_wconf 79' lang='lat' dir='ltr'>ex-</span> 
     </span>
     <span class='ocr_line' id='line_1_40' title="bbox 42 3647 1085 3736; baseline -0.011 -13"><span class='ocrx_word' id='word_1_303' title='bbox 42 3657 149 3732; x_wconf 91' lang='lat' dir='ltr'>culta,</span> <span class='ocrx_word' id='word_1_304' title='bbox 190 3671 274 3736; x_wconf 88' lang='lat' dir='ltr'>quae</span> <span class='ocrx_word' id='word_1_305' title='bbox 295 3663 406 3714; x_wconf 88' lang='lat' dir='ltr'>tamen</span> <span class='ocrx_word' id='word_1_306' title='bbox 435 3669 450 3712; x_wconf 94' lang='lat' dir='ltr'>s</span> <span class='ocrx_word' id='word_1_307' title='bbox 476 3661 552 3712; x_wconf 91' lang='lat' dir='ltr'>reto</span> <span class='ocrx_word' id='word_1_308' title='bbox 579 3652 794 3714; x_wconf 88' lang='lat' dir='ltr'>matrimonio</span> <span class='ocrx_word' id='word_1_309' title='bbox 822 3647 962 3734; x_wconf 76' lang='lat' dir='ltr'>liberius</span> <span class='ocrx_word' id='word_1_310' title='bbox 989 3652 1085 3717; x_wconf 88' lang='lat' dir='ltr'>vixit.</span> 
     </span>
     <span class='ocr_line' id='line_1_41' title="bbox 42 3671 1087 3824; baseline -0.008 -16"><span class='ocrx_word' id='word_1_311' title='bbox 42 3743 200 3824; x_wconf 87' lang='lat' dir='ltr'>Uterque</span> <span class='ocrx_word' id='word_1_312' title='bbox 217 3755 300 3802; x_wconf 87' lang='lat' dir='ltr'>vero</span> <span class='ocrx_word' id='word_1_313' title='bbox 320 3739 389 3802; x_wconf 88' lang='lat' dir='ltr'>vita</span> <span class='ocrx_word' id='word_1_314' title='bbox 413 3671 474 3800; x_wconf 72' lang='lat' dir='ltr'>tall</span> <span class='ocrx_word' id='word_1_315' title='bbox 502 3731 597 3800; x_wconf 83' lang='lat' dir='ltr'>valde</span> <span class='ocrx_word' id='word_1_316' title='bbox 629 3733 859 3799; x_wconf 82' lang='lat' dir='ltr'>delectabatur</span> <span class='ocrx_word' id='word_1_317' title='bbox 888 3754 947 3798; x_wconf 88' lang='lat' dir='ltr'>nec</span> <span class='ocrx_word' id='word_1_318' title='bbox 976 3739 1087 3800; x_wconf 85' lang='lat' dir='ltr'>exiis</span> 
     </span>
     <span class='ocr_line' id='line_1_42' title="bbox 40 3817 1089 3906; baseline -0.006 -16"><span class='ocrx_word' id='word_1_319' title='bbox 40 3837 151 3901; x_wconf 82' lang='lat' dir='ltr'>erant,</span> <span class='ocrx_word' id='word_1_320' title='bbox 182 3825 240 3906; x_wconf 88' lang='lat' dir='ltr'>qui</span> <span class='ocrx_word' id='word_1_321' title='bbox 252 3820 423 3904; x_wconf 80' lang='lat' dir='ltr'>Augusto,</span> <span class='ocrx_word' id='word_1_322' title='bbox 446 3841 580 3886; x_wconf 90' lang='lat' dir='ltr'>morum</span> <span class='ocrx_word' id='word_1_323' title='bbox 594 3817 765 3884; x_wconf 89' lang='lat' dir='ltr'>licentiam</span> <span class='ocrx_word' id='word_1_324' title='bbox 779 3823 951 3886; x_wconf 91' lang='lat' dir='ltr'>coercenti</span> <span class='ocrx_word' id='word_1_325' title='bbox 961 3843 979 3896; x_wconf 65' lang='lat'>,¹</span> <span class='ocrx_word' id='word_1_326' title='bbox 993 3819 1089 3885; x_wconf 81' lang='lat' dir='ltr'>fave-</span> 
     </span>
     <span class='ocr_line' id='line_1_43' title="bbox 42 3903 1090 3993; baseline -0.01 -15"><span class='ocrx_word' id='word_1_327' title='bbox 42 3918 122 3979; x_wconf 85' lang='lat' dir='ltr'>bant</span> <span class='ocrx_word' id='word_1_328' title='bbox 143 3935 175 3978; x_wconf 88' lang='lat' dir='ltr'>v.</span> <span class='ocrx_word' id='word_1_329' title='bbox 185 3907 206 3974; x_wconf 91' lang='lat' dir='ltr'>l.</span> <span class='ocrx_word' id='word_1_330' title='bbox 216 3905 249 3971; x_wconf 88' lang='lat' dir='ltr'>ll</span> <span class='ocrx_word' id='word_1_331' title='bbox 263 3905 376 3984; x_wconf 77' lang='lat' dir='ltr'>etti,</span> <span class='ocrx_word' id='word_1_332' title='bbox 399 3925 442 3970; x_wconf 81' lang='lat' dir='ltr'>ex</span> <span class='ocrx_word' id='word_1_333' title='bbox 456 3925 525 3990; x_wconf 88' lang='lat' dir='ltr'>quo</span> <span class='ocrx_word' id='word_1_334' title='bbox 540 3903 642 3970; x_wconf 85' lang='lat' dir='ltr'>simul</span> <span class='ocrx_word' id='word_1_335' title='bbox 658 3923 822 3993; x_wconf 75' lang='lat' dir='ltr'>apparere</span> <span class='ocrx_word' id='word_1_336' title='bbox 833 3903 980 3980; x_wconf 84' lang='lat' dir='ltr'>videtur,</span> <span class='ocrx_word' id='word_1_337' title='bbox 1001 3925 1090 3992; x_wconf 83' lang='lat' dir='ltr'>poe-</span> 
     </span>
     <span class='ocr_line' id='line_1_44' title="bbox 39 3987 1091 4080; baseline -0.016 -13"><span class='ocrx_word' id='word_1_338' title='bbox 39 4015 112 4066; x_wconf 90' lang='lat' dir='ltr'>tam·</span> <span class='ocrx_word' id='word_1_339' title='bbox 124 4013 303 4079; x_wconf 81' lang='lat' dir='ltr'>nunquam</span> <span class='ocrx_word' id='word_1_340' title='bbox 316 4005 349 4056; x_wconf 89' lang='lat' dir='ltr'>et</span> <span class='ocrx_word' id='word_1_341' title='bbox 363 3996 519 4080; x_wconf 79' lang='lat' dir='ltr'>potuisse</span> <span class='ocrx_word' id='word_1_342' title='bbox 529 4001 566 4055; x_wconf 85' lang='lat' dir='ltr'>et</span> <span class='ocrx_word' id='word_1_343' title='bbox 580 3988 729 4056; x_wconf 86' lang='lat' dir='ltr'>voluisse</span> <span class='ocrx_word' id='word_1_344' title='bbox 744 3987 943 4080; x_wconf 79' lang='lat' dir='ltr'>Cynthium,</span> <span class='ocrx_word' id='word_1_345' title='bbox 967 4000 1091 4075; x_wconf 81' lang='lat' dir='ltr'>utpote</span> 
     </span>
     <span class='ocr_line' id='line_1_45' title="bbox 39 4073 1168 4176; baseline -0.011 -26"><span class='ocrx_word' id='word_1_346' title='bbox 39 4087 168 4176; x_wconf 82' lang='lat' dir='ltr'>judicio</span> <span class='ocrx_word' id='word_1_347' title='bbox 195 4077 335 4170; x_wconf 87' lang='lat' dir='ltr'>publico</span> <span class='ocrx_word' id='word_1_348' title='bbox 366 4078 574 4156; x_wconf 87' lang='lat' dir='ltr'>damnatam,</span> <span class='ocrx_word' id='word_1_349' title='bbox 608 4080 644 4140; x_wconf 88' lang='lat' dir='ltr'>in</span> <span class='ocrx_word' id='word_1_350' title='bbox 673 4079 925 4142; x_wconf 84' lang='lat' dir='ltr'>matrimonium</span> <span class='ocrx_word' id='word_1_351' title='bbox 952 4073 1087 4139; x_wconf 84' lang='lat' dir='ltr'>ducere.</span> <span class='ocrx_word' id='word_1_352' title='bbox 1166 4149 1168 4163; x_wconf 40' lang='grc' dir='ltr'>Ι</span> 
     </span>
    </p>
   </div>
   <div class='ocr_carea' id='block_1_16' title="bbox 0 0 1324 4698">
    <p class='ocr_par' dir='ltr' id='par_1_16' title="bbox 0 0 1324 4698">
     <span class='ocr_line' id='line_1_46' title="bbox 0 0 1324 4698; baseline 0 7"><span class='ocrx_word' id='word_1_353' title='bbox 0 0 1324 4698; x_wconf 95' lang='lat' dir='ltr'> </span> 
     </span>
    </p>
   </div>
  </div>
 </body>
</html>
