2638 4698
0 430 2 448 s
82 417 113 473 ¹,
207 375 319 446 sarr,

208 585 241 649 p.
255 541 451 628 Lxxxflt,
480 571 556 614 cum
578 546 774 635 Propertius
796 552 988 636 promiscue
1007 553 1153 614 carmina
1168 548 1258 612 edi-

210 647 315 717 derit,
347 639 472 702 factum
496 653 588 710 esse,
625 646 663 696 ut
683 633 786 720 elegia
809 633 890 697 baec
911 637 1049 719 proprie
1072 633 1114 696 ad
1135 634 1182 696 iil
1202 629 1251 694 li-

138 717 144 744 '
184 777 187 790 .
208 727 307 794 bium
327 726 500 811 pertinens
521 724 556 782 in
577 718 761 782 secundum
781 717 885 782 relata
907 722 971 792 sit,
999 723 1170 800 quaerenti
1184 715 1259 780 rr'e-

209 811 364 902 sp'oudet.
418 807 572 870 Nobbius
599 802 763 886 denique,
796 816 973 890 postquam
999 802 1114 866 multis
1138 804 1257 868 verbis

177 956 181 965 ,
208 901 250 965 de
277 894 400 959 borum
428 895 577 958 virorum
608 893 782 953 sententiis
806 892 890 974 egit,
925 891 959 950 iu
989 886 1109 950 ultimo
1139 890 1256 974 capite
1292 955 1296 962 ,

209 974 302 1052 suam
323 977 456 1068 profert
478 977 682 1060 opinionem.
737 972 872 1058 Accipit
892 985 1006 1036 autem.
1023 971 1167 1042 libellum
1183 991 1257 1063 pro

208 1067 372 1142 carmine,
397 1066 444 1130 ita
460 1073 495 1124 ut
510 1069 609 1145 poeta
625 1077 661 1121 se
677 1056 898 1146 Proserpinae
913 1061 979 1120 tria
990 1060 1141 1122 ‘carmina
1157 1055 1256 1120 ferre

207 1151 296 1220 veile
315 1149 412 1212 dicat.
460 1143 562 1228 Quod
590 1157 666 1206 curn
687 1163 749 1229 per
769 1165 804 1208 se
825 1141 1023 1218 ridiculum,
1055 1153 1127 1206 tum
1149 1146 1257 1204 etiam

133 1301 136 1309 ,
207 1240 355 1322 ineptius
374 1240 443 1308 est,
471 1251 546 1293 curn
565 1240 664 1314 poeta
687 1229 751 1310 jam
772 1240 880 1290 totum
901 1226 1026 1307 librum
1048 1230 1255 1315 scripsissetu

85 1379 87 1387 Α
210 1316 500 1387 Considerandum
514 1335 595 1380 vero
607 1325 675 1388 est,
698 1325 831 1400 poetam
852 1333 918 1374 uon
934 1313 975 1376 de
993 1324 1117 1390 morte,
1138 1315 1267 1378 statim.

118 1435 120 1443 ·
208 1403 261 1472 v'el
274 1425 366 1480 nrox,
382 1397 441 1465 sed
457 1397 637 1483 aliquando
648 1398 800 1461 obeunda
812 1418 1003 1462 sermonem
1017 1395 1137 1460 faeere.
1182 1395 1255 1480 igi«

182 1500 185 1506 '
207 1501 264 1556 tur
283 1497 416 1574 sperat,
443 1487 505 1548 sibi
520 1485 634 1571 datum
648 1484 709 1558 iri,
738 1495 775 1546 ut
790 1505 894 1544 unum
911 1481 1036 1551 librum
1050 1479 1103 1546 his
1118 1481 1255 1546 duobus

209 1575 356 1664 adjiciat.'
404 1565 526 1632 Trium
546 1567 656 1632 autern
680 1589 858 1630 numerum
880 1564 1053 1633 sumitve]
1075 1571 1152 1649 quia
1171 1587 1254 1632 vere

208 1659 262 1723 his
285 1657 381 1721 finire
400 1654 507 1719 voluit
527 1651 579 1720 vel
602 1655 679 1734 quia
699 1651 754 1714 hic
770 1671 929 1714 numerus
943 1661 1113 1734 tamquam
1129 1650 1256 1716 indefi-

176 1757 180 1764 “
208 1749 300 1809 nitus
330 1741 589 1825 usurpabatur„
619 1739 743 1800 Omnia
771 1747 884 1799 autem
908 1736 1050 1799 Romani
1077 1748 1131 1800 ter
1153 1757 1255 1824 agere

151 1835 154 1843 ’
208 1827 379 1903 solebant,
421 1823 511 1908 quod
536 1843 583 1886 ex
614 1824 734 1885 ritibus
764 1820 1024 1898 sacrificiorum,
1061 1825 1095 1884 in
1130 1811 1255 1904 quibus

73 1957 75 1967 ·
208 1921 305 1978 act'us'
325 1914 516 1996 quicunque
534 1919 587 1969 ter
603 1908 801 1980 iterabatur,
821 1899 1003 1978 Tieinesius
1018 1907 1112 1968 <lucit
1129 1907 1170 1968 ad
1186 1904 1256 1969 l'e-

21 1999 38 2034 ·“
78 2000 113 2024 ’“
207 1999 406 2082 isoncii.
458 1990 560 2074 Quod
574 2011 653 2055 vero
669 1989 823 2052 Nobbius
839 2013 870 2075 p.
887 1991 928 2053 44
941 1989 1041 2068 dicit,
1070 1989 1135 2054 hoc
1149 2011 1256 2057 voca·

67 2157 70 2166 ¹
207 2081 327 2148 bulum
349 2075 584 2142 tum'demum
605 2089 719 2158 pauco
739 2071 941 2158 siguificare,
969 2080 997 2139 si
1013 2074 1150 2140 verbum
1167 2095 1255 2139 con-

123 2173 125 2178 ’
159 2230 160 2233 ,
207 2170 304 2233 trarii
327 2160 529 2249 significatus
552 2162 746 2244 oppositum
767 2163 829 2236 sit,
859 2159 895 2222 id
916 2157 1037 2224 falsum
1060 2171 1127 2236 est,
1154 2172 1257 2225 utex

138 2267 139 2274 ’
209 2259 220 2317 i
247 2242 315 2322 siu's
336 2245 492 2332 exemplo
508 2241 666 2307 'Plautino
682 2245 874 2308 Trinummi
891 2242 949 2322 lV,
963 2249 993 2320 2,
1012 2251 1068 2311 121
1092 2256 1125 2310 et
1146 2245 1266 2330 liqui..—

140 2371 141 2378 1
172 2351 174 2365 ¹
211 2277 286 2401 dius
306 2337 406 2399 etiam
425 2354 443 2395 e
459 2331 611 2402 Terentii
632 2341 664 2392 et
683 2329 800 2393 Sereni
816 2325 1021 2394 Sammonici
1038 2350 1056 2393 a
1071 2334 1197 2396 *Vossio
1218 2341 1254 2395 et
1274 2387 1278 2398 ,

209 2421 401 2504 Ve'rburgio
430 2413 481 2478 ad'
495 2412 617 2478 Catuli,
633 2411 695 2489 l,5
718 2412 1001 2481 adductis‘intelli
1026 2399 1115 2478 itun'
1159 2415 1257 2502 Quid

115 2576 119 2581 ,
210 2509 311 2594 igitur
331 2506 470 2577 mirum,
499 2502 527 2564 si
548 2510 665 2585 poeta,
692 2501 728 2578 in
745 2498 982 2584 componendo
999 2436 1028 2562 fi
1043 2500 1130 2564 libro
1146 2522 1258 2566 occu-

209 2605 325 2680 patus,
367 2589 465 2649 unius
497 2595 628 2647 tantum
655 2581 901 2668 perfectionem
925 2584 1042 2669 petit?
1096 2586 1260 2652 Fortasse

212 2680 330 2751 etiam,
358 2670 447 2756 quod
465 2666 626 2732 affirmari
645 2679 758 2730 tamen
774 2672 910 2752 nequit,
935 2681 1038 2754 poeta
1056 2673 1092 2732 in
1107 2669 1161 2734 his
1174 2693 1260 2750 ver-

198 2763 303 2838 sibus
326 2755 511 2822 scribendis
526 2755 817 2816 Hemresianacten
838 2755 875 2814 in
891 2767 1002 2816 mente
1018 2751 1154 2832 habuit,
1181 2768 1259 2820 tres

162 2909 163 2914 ,
210 2845 317 2912 libros
341 2833 508 2905 Λεόντιον
533 2839 792 2912 inscribentem,
828 2845 865 2898 ut
892 2837 1046 2900 similiter
1072 2839 1259 2928 Cynthiam
1316 2895 1318 2902 ,

213 2929 385 2994 celebrare
410 2921 520 2997 vellet.
577 2922 790 3003 Quocunque
820 2931 931 2985 autem
964 2921 1029 2986 hoc
1060 2945 1095 2989 se
1121 2925 1261 3002 babeat,

212 3011 298 3076 nibil
319 3007 517 3074 mutandum
534 3024 606 3069 esse
619 3013 820 3092 persuasum
835 3005 941 3070 babeo
956 3007 1057 3083 mihi,
1086 3033 1149 3084 nec
1168 3007 1259 3076 alius

214 3103 406 3183 quisquam,
430 3095 494 3152 nisi
514 3094 738 3176 interpretum
755 3094 1028 3156 annotationibus
1045 3093 1110 3178 jam
1124 3109 1260 3180 captuS,

212 3189 249 3248 in
266 3178 420 3264 hocloco
436 3175 598 3240 offendet.
615 3209 658 3222 -
685 3171 868 3262 Praecipue
882 3188 992 3240 autem
1001 3176 1263 3246 Lachmannum

212 3265 312 3332 laude
328 3263 467 3348 dignum
481 3277 622 3336 censeo,
644 3259 735 3342 quod
753 3279 807 3322 eas
823 3263 921 3322 etiam
939 3265 1141 3349 seripturaS,
1170 3273 1262 3350 quae

78 3369 80 3378 ¹
131 3402 136 3408 ,
173 3391 175 3399 s
213 3363 353 3440 propter
385 3344 566 3430 elegantiae
602 3347 748 3429 speeiem
784 3343 881 3409 facile
910 3345 1025 3409 fallere
1051 3360 1263 3433 potuerunt,

216 3439 327 3508 denuo
346 3447 363 3496 e
381 3440 479 3503 ‘textu
499 3425 641 3514 expulit.
686 3428 760 3492 Hoc
776 3433 864 3492 enirn
882 3441 932 3493 est
949 3431 1130 3496 discrimen
1147 3439 1184 3498 iu
1199 3455 1263 3498 re-

216 3518 389 3600 censendis
402 3515 533 3580 'Latiuis
557 3525 590 3576 et
604 3509 743 3578 Graecis
763 3517 1003 3597 scriptoribus,
1031 3519 1179 3601 quodin
1202 3517 1263 3585 his

54 3665 57 3672 ,
110 3626 113 3632 ·
214 3605 414 3694 pierumque
437 3595 662 3666 difficilioret
684 3601 889 3681 exquisitior
904 3603 1071 3689 scriptura
1089 3602 1264 3690 praeferri
1315 3679 1316 3682 Ἴ

216 3691 350 3766 debeat,
379 3690 454 3770 quia
477 3682 579 3747 medii
599 3684 669 3747 aevi
686 3681 840 3748 doctores
855 3683 985 3749 Graeca
1004 3692 1173 3774 corrigere
1186 3711 1277 3752 non·

216 3779 288 3840 ausi
317 3782 413 3846 sunt,
449 3770 649 3843 Latinorum
673 3779 784 3830 autem
809 3772 1015 3854 scriptorum
1036 3793 1157 3859 opera,
1190 3777 1266 3836 im·-

216 3862 334 3948 piimis
359 3865 535 3942 poetarum
561 3853 724 3928 carmina,
758 3873 822 3936 pro
849 3849 957 3918 lubitu
979 3858 1203 3920 emendarunt
1224 3871 1267 3924 et

216 3949 447 4030 corruperunt.
495 3937 562 4002 Sed
584 3957 722 4000 eumne
742 3940 775 3998 in
792 3934 931 4002 Graecis
947 3939 1082 4023 quidem
1103 3945 1265 4026 exquisi-

212 4021 337 4093 tionem
359 4021 538 4089 lectionem
559 4043 579 4084 a
589 4025 705 4111 paucis
719 4017 813 4086 libris
828 4025 1010 4112 praebitam
1023 4027 1172 4117 inclytus
1185 4026 1265 4092 An-
1305 4027 1314 4042 '
