2602 4694
24 537 181 654 psignifi'c.
231 559 461 640 Metonvmice
474 544 580 658 'poeta
596 569 660 636 hec
680 595 710 638 v.
735 577 785 637 ita
803 595 883 644 usus
898 594 966 660 est,
990 595 1034 652 ut

21 739 55 804 de
73 733 183 801 odiel
247 739 276 812 1,
292 741 330 801 11
350 739 471 803 verba:
495 739 660 817 „nullum
677 741 873 814 solitudinis
884 763 1034 820 munus”

16 820 62 912 'iltis
75 823 298 906 Heusingerus
311 819 471 909 explicat:
509 822 628 901 „Nihil
640 829 731 909 quod
743 832 778 892 in
793 830 976 902 solitudine
993 843 1033 904 ab

21 915 227 1056 Nsseractum
251 903 304 972 vel
326 912 550 995 compositum
569 909 700 975 fuerit.”
745 915 838 987 Idem
850 918 972 986 Cicero
991 925 1034 988 de
1151 929 1153 937 ’

92 1037 100 1053 .
116 990 140 1053 Ι.
157 990 190 1076 i.
203 994 241 1054 19
264 991 422 1057 mundum
437 1007 532 1059 vocat
546 1017 673 1072 munus,
685 999 776 1081 quod
786 1001 1035 1072 WolfinsAna-

15 1135 16 1141 ,
74 1075 131 1138 .11.
152 1099 186 1164 p.
201 1079 264 1140 318
284 1096 347 1162 per
374 1097 454 1222 oplus
481 1081 733 1166 interpretatur.
784 1085 909 1159 Fadem
926 1095 1034 1178 signi.

7 1163 153 1253 picatione
176 1159 304 1225 dictum
325 1181 376 1246 ap.

7 1241 171 1338 [lientleius
188 1249 388 1323 mutaverit,
418 1262 487 1318 non
506 1247 666 1335 intelligo.
713 1254 838 1320 Ducere
855 1269 966 1324 autem
982 1272 1033 1328 est

7 1329 102 1402 ydonee
121 1349 202 1406 esse,
226 1342 263 1393 ut
281 1326 446 1408 Gronouii
463 1333 574 1398 verbis
588 1347 665 1396 utar
685 1337 832 1405 inDiatr.
856 1365 890 1430 p.
905 1345 967 1411 512
981 1347 1033 1414 ed,

23 1413 114 1496 ilubi
131 1411 230 1477 Statii
243 1427 376 1511 versum
389 1427 508 1480 nostro
521 1414 679 1482 similem:
762 1462 766 1470 -
888 1431 889 1434 ’

5 1594 6 1606 ¹
76 1528 140 1598 Quis
156 1529 247 1584 honor
265 1529 369 1584 Aonios
389 1550 456 1584 seno
475 1520 548 1606 pede
572 1532 672 1587 ducere
692 1555 812 1609 campos.

5 1655 6 1658 ¹
53 1628 272 1695 ntraaliorum
289 1633 500 1716 conjecturas
515 1637 647 1720 egregie
667 1637 824 1703 vindicat.
852 1642 955 1710 Poeta
967 1650 1036 1733 igi·
1152 1619 1159 1629 „

53 1715 159 1796 rhaec
179 1715 269 1782 vult:
294 1737 373 1794 voS,
396 1739 417 1781 o
431 1722 585 1804 armigeri
603 1724 697 1802 equi,
730 1723 834 1790 duces
854 1732 929 1794 sitis
949 1752 1036 1820 ope-

5 1833 21 1856 s
38 1805 67 1863 ‘=.
104 1799 268 1887 Armigeri
284 1805 378 1884 eqni,
399 1806 429 1864 si
440 1806 579 1892 proprie
597 1803 707 1872 dictos
722 1806 822 1886 nolis,
844 1811 1037 1900 explicandi

5 1919 8 1939 :
40 1883 152 1951 ellicosi
168 1909 197 1951 v.
211 1883 354 1949 Porcell.
396 1887 504 1950 Erant
519 1898 631 1952 autem
644 1895 770 1958 ornanti
787 1917 817 1961 v.
833 1896 985 1964 Broukh.
1001 1915 1037 1968 et
1076 1959 1078 1964 ,

47 1992 117 2034 nrm.
135 1971 177 2034 ad
191 1970 253 2048 111,
267 1971 315 2034 Xl
330 1970 396 2055 (X),
411 1975 463 2036 12.
516 1973 699 2040 Commune
721 1977 859 2045 omnino
876 1986 913 2045 in
934 1989 1036 2052 rebus
1106 2011 1107 2014 ¹

6 2138 8 2140 .
55 2053 146 2133 llicit,
169 2058 319 2121 virorum
333 2054 434 2120 simul
448 2077 676 2142 equorumque
690 2057 802 2127 facere
819 2072 1035 2138 mentionem.

5 2169 7 2230 q
49 2144 224 2204 tomittam
242 2135 438 2216 Caesarem,
467 2145 515 2206 sic
536 2146 570 2204 in
588 2141 648 2206 illo
665 2143 834 2232 Propertii
848 2149 925 2216 loco
941 2143 1062 2220 saluss
1122 2162 1141 2188 ⁸

5 2223 77 2313 ptem
91 2223 186 2292 Gallo
206 2227 354 2312 primum
368 2233 676 2314 precaturmarito,
698 2229 821 2298 deinde
834 2257 922 2320 equo
935 2239 1037 2306 militi

6 2313 12 2388 j
40 2301 99 2393 ride
116 2313 317 2375 necessario.
346 2333 376 2378 v.
398 2311 446 2372 ibi
457 2313 608 2390 brevem,
631 2313 691 2377 sed
705 2321 913 2386 verissimam
927 2324 1039 2390 luch,
1112 2363 1114 2368 v
1217 2314 1221 2326 ‘

5 2412 28 2485 Ξ·
50 2397 116 2478 anni
137 2397 400 2459 annotationem.
452 2396 500 2458 ln‘
508 2408 629 2462 nostro
648 2395 746 2476 loco,
767 2413 807 2463 ut
820 2409 1036 2492 aptissimum

6 2545 30 2557 ,
103 2477 284 2564 alloquitur
305 2499 362 2543 res
378 2479 652 2566 expeditionibus
666 2488 812 2552 maxime
822 2499 1039 2573 necessarias,
1137 2533 1140 2552 .

5 2564 104 2642 [tes
125 2567 313 2642 maritimo,
353 2581 457 2648 equos
485 2571 635 2633 terrestri
656 2567 755 2633 bello.
816 2573 911 2640 Talia
938 2571 1039 2646 etiam

5 2645 7 2714 ζ
49 2647 163 2734 ulpius,
183 2661 223 2712 ut
235 2647 339 2712 modo
353 2648 592 2727 animadverto,
614 2655 783 2738 cogitavit,
805 2658 865 2722 sed
882 2664 957 2749 ipse
970 2669 1038 2730 im.

51 2735 123 2798 en'to
146 2735 313 2798 dubitans.
371 2731 441 2815 Qui
469 2731 561 2798 hunc
583 2733 695 2802 locum
717 2741 896 2814 emendare
918 2748 1038 2816 volue-

23 654 170 721 exercitus
181 650 328 798 ipseuel
343 643 517 741 expeditio
532 655 749 744 intelligenda
763 663 817 724 sit.
858 667 915 732 Sic
930 667 1033 742 Tullii
1069 700 1074 715 .

432 1160 509 1225 anil.
523 1163 565 1240 V,
583 1167 663 1242 709,
693 1189 793 1251 quem
812 1169 944 1253 locum,
971 1197 1033 1241 eur
1127 1193 1135 1211 ‘

6 2832 101 2896 urunt,
128 2821 295 2908 imprimis
310 2817 494 2882 Burmanni
513 2817 610 2886 fuere
632 2834 667 2885 et
683 2821 849 2892 Eldikius.
888 2830 934 2894 At
947 2835 1038 2917 Bur:
1125 2867 1132 2880 ‘

85 2905 117 2965 ni
135 2905 208 2987 maj.
227 2903 434 2984 conjectura:
462 2903 577 2970 diseio
597 2927 715 2972 munus
734 2907 831 2975 valde
841 2913 964 2981 infelix
978 2931 1038 2985 est.

5 3009 26 3079 3*
53 3007 115 3051 uam
131 2989 356 3074 ignominiose
371 2986 518 3066 dictum,
539 2989 823 3073 disceremunus,
851 3001 944 3082 quod
967 3004 1040 3070 Ro.

89 3073 96 3087 .
125 3071 380 3136 dedidicissent!
437 3071 548 3156 Quam
579 3093 683 3140 sensu
712 3097 862 3161 pamm,
901 3085 1040 3168 solitum
1090 3103 1093 3112 ,

5 3151 126 3222 :nunus
144 3160 271 3224 iterum
284 3155 429 3221 discere!
469 3158 544 3222 Hoc
559 3158 630 3223 fieri
640 3181 716 3236 'non
731 3149 843 3252 possse,
858 3173 946 3236 ratio
961 3196 1039 3240 eum

8 3237 127 3308 tdocere
141 3244 327 3330 potuisset,
347 3235 432 3305 illud
442 3236 526 3306 false
545 3243 674 3312 dictum
686 3269 760 3312 esse
774 3249 959 3320 Suetonius
973 3261 1041 3323 do‘-
1138 3287 1144 3308 ·

22 3333 76 3386 oet.
110 3324 299 3412 Augustum
312 3323 437 3394 milites
452 3345 543 3404 suos,
557 3332 657 3394 etiam
675 3331 763 3398 bello
779 3356 914 3418 vacuos,
934 3342 1040 3410 disci-
1132 3353 1135 3359 “

6 3403 8 3412 ’
27 3405 99 3493 plina
110 3427 222 3491 severa
236 3421 269 3475 et
281 3407 451 3476 laboriosa
463 3415 613 3478 tenuisse
634 3415 781 3484 tradens.
817 3422 949 3489 Discere
962 3451 1040 3494 mu-

26 3512 76 3556 nus
104 3507 251 3560 cetemm
280 3493 482 3579 Claudianus
516 3497 600 3562 dicit
628 3498 731 3586 epith.
759 3501 843 3569 Poll.
868 3519 903 3572 et
930 3507 1041 3581 Celer.
1136 3554 1140 3564 ι

27 3591 50 3642 t.
62 3582 122 3642 130.
164 3579 394 3655 Praestantior
414 3593 465 3646 est
478 3582 663 3647 Burmanni
677 3589 817 3651 secundi
833 3595 1041 3675 conjectura:
1151 3649 1155 3654 .
1228 3607 1262 3655 .“

27 3664 121 3726 sumite
141 3687 258 3729 munus
278 3687 388 3748 neque
408 3666 598 3752 inelegan8‚
627 3665 718 3754 quod
736 3669 893 3740 Eldikius
916 3681 1039 3749 voluit:

6 3754 12 3833 f
29 3745 86 3808 Ad.
99 3769 122 3811 s.
142 3785 184 3798 -
208 3751 338 3814 currite.
361 3749 418 3816 Sic
433 3756 533 3817 etiam
541 3750 601 3815 Sil.
616 3751 689 3816 ltal.
699 3757 742 3830 X,
756 3758 835 3841 5283
857 3775 891 3826 at
904 3777 1045 3834 utrumae

30 3846 81 3910 qne
102 3845 380 3923 supervacaneum
407 3850 466 3902 est.
510 3835 632 3900 Omina
654 3838 776 3904 deinde
797 3843 911 3917 Burin.
924 3851 1041 3919 Lach-

30 3931 216 4002 mannusque
237 3916 402 3984 librorum
429 3933 560 4012 partem
583 3927 689 3986 secuti
717 3929 943 4019 scripserunt;
977 3962 1041 4027 ego

32 4002 123 4064 omnio
135 4001 279 4089 praetuli
292 4005 555 4072 eumiluschkio
562 4005 657 4070 Anal.
670 4008 714 4072 ad
728 4009 801 4074 Tib.
821 4037 854 4102 p.
870 4021 944 4099 700,
965 4037 1041 4090 eum

15 4076 135 4149 fionius
154 4087 315 4175 videatur.
355 4089 543 4175 Utriusque
561 4093 655 4158 verbi
666 4105 871 4181 permutatio
884 4102 1042 4193 frequens

5 4197 7 4272 ᾖ
119 4261 122 4274 ¹
766 4190 841 4263 S's

5 4273 24 4412 p
215 4307 222 4330 .

1115 3719 1137 3753 N
